%% This BibTeX bibliography file was created using BibDesk.
%% http://bibdesk.sourceforge.net/

%% Created for Elena at 2019-11-12 16:03:29 +0100 


%% Saved with string encoding Unicode (UTF-8) 



@article{Vasquez1988,
	Author = {V{\'a}squez de Ruiz, Beatriz},
	Date-Added = {2019-11-12 15:59:21 +0100},
	Date-Modified = {2019-11-12 16:03:25 +0100},
	Journal = {Lenguas Abor{\'\i}genes de Colombia},
	Title = {La predicaci{\'o}n en guambiano},
	Volume = {2},
	Year = {1988}}

@mastersthesis{Vasquez1987,
	Address = {Bogot{\'a}},
	Author = {V{\'a}squez de Ruiz, Beatriz},
	Date-Added = {2019-11-12 15:58:18 +0100},
	Date-Modified = {2019-11-12 15:59:02 +0100},
	School = {Universidad de los Andes},
	Title = {La predicaci{\'o}n en guambiano},
	Year = {1987}}

@mastersthesis{TrivinoGarzon1989,
	Address = {Bogot{\'a}},
	Author = {Trivi{\~n}o Garz{\'o}n, Lilia},
	Date-Added = {2019-11-12 15:56:47 +0100},
	Date-Modified = {2019-11-12 15:58:07 +0100},
	School = {Universidad de los Andes},
	Title = {Morfosintaxis de la lengua guambiana. Generalidades},
	Year = {1989}}

@book{RojasCurieuxetal2009,
	Address = {Popay{\'a}n},
	Author = {Rojas Curieux, Tulio and Beatriz {Vasquez de Ruiz} and Geny {Gonzales Casta{\~n}o} and Esteban D{\'\i}az},
	Date-Added = {2019-11-12 15:54:14 +0100},
	Date-Modified = {2019-11-12 15:56:10 +0100},
	Publisher = {SignaArtes Gr{\'a}ficas},
	Title = {L{\'e}xico de la lengua Nam Trik de Totor{\'o}},
	Year = {2009}}

@mastersthesis{Pabon1989,
	Address = {Bogot{\'a}},
	Author = {Pab{\'o}n, Marta },
	Date-Added = {2019-11-12 15:52:44 +0100},
	Date-Modified = {2019-11-12 15:53:51 +0100},
	School = {Universidad de los Andes},
	Title = {Introducci{\'o}n al estudio de los auxiliares - idioma totor{\'o}},
	Year = {1989}}

@mastersthesis{GonzalesCastano2013,
	Address = {Popay{\'a}n},
	Author = {Gonzales Casta{\~n}o, Geny},
	Date-Added = {2019-11-12 15:49:27 +0100},
	Date-Modified = {2019-11-12 15:51:28 +0100},
	School = {Universidad del Cauca},
	Title = {Â¿Qui{\'e}n necesita una lengua? A prop{\'o}sito del proceso de revitalizaci{\'o}n de la lengua nam trik},
	Year = {2013}}

@article{CurnowLiddicoat1998,
	Author = {Curnow, Timothy J. and Anthony Liddicoat},
	Date-Added = {2019-11-12 15:46:16 +0100},
	Date-Modified = {2019-11-12 15:48:12 +0100},
	Journal = {Anthropological Linguistics },
	Number = {3},
	Pages = {384--408},
	Title = {The Barbacoan Languages of Colombia and Ecuador},
	Volume = {40},
	Year = {1998}}

@incollection{Adelaar1991,
	Address = {Oxford},
	Author = {Adelaar, Willem F. H.},
	Booktitle = {Endangered Languages},
	Date-Added = {2019-11-12 15:43:11 +0100},
	Date-Modified = {2019-11-12 15:44:56 +0100},
	Editor = {R. H. Robins and E. M. Uhlenbeck},
	Pages = {45--91},
	Publisher = {Oxford University Press},
	Title = {The endangered languages problem: South America},
	Year = {1991}}

@mastersthesis{Jones2009b,
	Address = {London},
	Author = {Jones, Eunice},
	Date-Added = {2019-10-08 17:59:46 +0200},
	Date-Modified = {2019-10-08 17:59:46 +0200},
	School = {School of Oriental and African Studies, University of London},
	Title = {Evidentiality and mirativity in Balti},
	Year = {2009}}

@article{Willet1988,
	Author = {Willet, Thomas L.},
	Date-Added = {2019-10-04 14:10:03 +0200},
	Date-Modified = {2019-10-04 14:10:41 +0200},
	Journal = {Studies in Language},
	Pages = {51--97},
	Title = {A cross-linguistic survey of the grammaticalization of evidentiality},
	Volume = {12},
	Year = {1988}}

@article{Squartini2001,
	Author = {Squartini, Mario},
	Date-Added = {2019-10-04 14:09:24 +0200},
	Date-Modified = {2019-10-04 14:10:01 +0200},
	Journal = {Romance Studies in Language},
	Number = {2},
	Pages = {297--334},
	Title = {The internal structure of evidentiality},
	Volume = {25},
	Year = {2001}}

@article{Squartini2008,
	Author = {Squartini, Mario},
	Date-Added = {2019-10-04 14:08:31 +0200},
	Date-Modified = {2019-10-04 14:09:14 +0200},
	Journal = {Linguistics},
	Number = {5},
	Pages = {917--947},
	Title = {Lexical vs. grammatical evidentiality in French and Italian},
	Volume = {46},
	Year = {2008}}

@book{Speranza2014,
	Address = {Madrid/Frankfurt},
	Author = {Speranza, Adriana},
	Date-Added = {2019-10-04 14:05:02 +0200},
	Date-Modified = {2019-10-04 14:08:18 +0200},
	Publisher = {Iberoamericana/Vervuert},
	Title = {Evidencialidad en el espa{\~n}ol americano: la expresi{\'o}n ling{\"u}{\'\i}stica de la perspectiva del hablante},
	Year = {2014}}

@book{RealAcademia2010,
	Address = {Madrid},
	Author = {Espa{\~n}ola, Real Academia},
	Date-Added = {2019-10-04 14:02:57 +0200},
	Date-Modified = {2019-10-04 14:04:50 +0200},
	Publisher = {Espasa Calpe},
	Title = {Nueva Gram{\'a}tica de la lengua espa{\~n}ola},
	Year = {2010}}

@article{Plungian2001,
	Author = {Plungian, Vladimir A.},
	Date-Added = {2019-10-04 14:01:24 +0200},
	Date-Modified = {2019-10-04 14:02:48 +0200},
	Journal = {Journal of Pragmatics},
	Pages = {349--357},
	Title = {The place of evidentiality within the universal grammatical space},
	Volume = {33},
	Year = {2001}}

@incollection{Maldona1999,
	Address = {Madrid},
	Author = {Maldonado, Concepci{\'o}n},
	Booktitle = {Gram{\'a}tica descriptiva de la lengua Espa{\~n}ola},
	Date-Added = {2019-10-04 14:00:15 +0200},
	Date-Modified = {2019-10-04 14:01:17 +0200},
	Editor = {Ignacio Bosque and Violeta Demonte},
	Pages = {3459--3595},
	Publisher = {Espasa-Calpe},
	Title = {Discurso directo y discurso indirecto},
	Year = {1999}}

@book{Mendoza1991,
	Address = {La Paz},
	Author = {Mendoza, Jos{\'e} G.},
	Date-Added = {2019-10-04 13:58:55 +0200},
	Date-Modified = {2019-10-04 13:59:54 +0200},
	Publisher = {Univerisidad Mayor de San Andr{\'e}s, Facultad de Humanidades y Ciencias de la Educaci{\'o}n},
	Title = {El castellano hablado en La Paz: sintaxis divergente},
	Year = {1991}}

@book{Reyes1996,
	Address = {Madrid},
	Author = {Reyes, Graciela},
	Date-Added = {2019-10-04 13:58:02 +0200},
	Date-Modified = {2019-10-04 13:58:44 +0200},
	Publisher = {Arco Libros},
	Title = {Los procedimientos de cita: citas encubiertas y ecos},
	Year = {1996}}

@article{Lazard1999,
	Author = {Lazard, Gilbert},
	Date-Added = {2019-10-04 13:56:28 +0200},
	Date-Modified = {2019-10-04 13:57:14 +0200},
	Journal = {Linguistic Tipology},
	Pages = {91--109},
	Title = {Mirativity, evidentiality, mediativity, or other?},
	Volume = {3},
	Year = {1999}}

@incollection{Laprade1981,
	Address = {Gainesville (FL)},
	Author = {Laprade, Richard A.},
	Booktitle = {Aymara language in its social and cultural context},
	Date-Added = {2019-10-04 13:53:41 +0200},
	Date-Modified = {2019-10-04 13:55:06 +0200},
	Editor = {Martha James},
	Publisher = {University Presses of Florida},
	Title = {Some cases of Aymara influence on La Paz Spanish},
	Year = {1981}}

@article{Kockelman2004,
	Author = {Kockelman, Paul},
	Date-Added = {2019-10-04 13:48:41 +0200},
	Date-Modified = {2019-10-04 13:53:13 +0200},
	Journal = {Journal of Linguistic Anthropology},
	Number = {2},
	Pages = {127--150},
	Title = {Stance and Subjectivity},
	Volume = {14},
	Year = {1957}}

@book{HernandezAlonso1986,
	Address = {Madrid},
	Author = {Hern{\'a}ndez Alonso, C{\'e}sar},
	Date-Added = {2019-10-04 13:47:33 +0200},
	Date-Modified = {2019-10-04 13:48:30 +0200},
	Publisher = {Gredos},
	Title = {Gram{\'a}tica Funcional del Espa{\~n}ol},
	Year = {1986}}

@article{HengeveldHattnher2015,
	Author = {Hengeveld, Kees and {Marize M. Dall'Aglio} Hattnher},
	Date-Added = {2019-10-04 13:44:53 +0200},
	Date-Modified = {2019-10-04 13:46:29 +0200},
	Journal = {Linguistics},
	Number = {3},
	Pages = {479--524},
	Title = {Four types of evidentiality in the native languages of Brazil},
	Volume = {53},
	Year = {2015}}

@article{Hanks2012,
	Author = {Hanks, William F.},
	Date-Added = {2019-10-04 13:43:51 +0200},
	Date-Modified = {2019-10-04 13:44:41 +0200},
	Journal = {Pragmatics and Society},
	Number = {2},
	Pages = {169--180},
	Title = {Evidentiality in social interaction},
	Volume = {3},
	Year = {2012}}

@book{Goffman1981,
	Address = {Philadelphia},
	Author = {Goffman, Ervin},
	Date-Added = {2019-10-04 13:42:52 +0200},
	Date-Modified = {2019-10-04 13:43:36 +0200},
	Publisher = {University of Pennsylvania Press},
	Title = {Forms of Talk},
	Year = {1981}}

@unpublished{FallerMS,
	Author = {Faller, Martina T.},
	Date-Added = {2019-10-04 13:41:37 +0200},
	Date-Modified = {2019-10-04 13:42:38 +0200},
	Note = {\url{http://personalpages.manchester.ac.uk/staff/martina.t.faller/documents/Evidentiality.Above.Below.pdf}},
	Title = {Evidentiality below and above speech acts},
	Year = {2006}}

@incollection{Haan2012,
	Address = {New York},
	Author = {De Haan, Ferdinand},
	Booktitle = {Tense and Aspect},
	Date-Added = {2019-10-04 13:33:28 +0200},
	Date-Modified = {2019-10-04 13:37:25 +0200},
	Editor = {Robert I. Binnick},
	Pages = {1020--1046},
	Publisher = {Oxford University Press},
	Title = {Evidentiality and Mirativity},
	Year = {2012}}

@article{Cornille2009,
	Author = {Cornillie, Bert},
	Date-Added = {2019-10-04 13:32:28 +0200},
	Date-Modified = {2019-10-04 13:33:13 +0200},
	Journal = {Functions of Language},
	Number = {1},
	Pages = {45--62},
	Title = {Evidentiality and epistemic modality, on the close relationship between two different categories},
	Volume = {16},
	Year = {2009}}

@incollection{Cartagena1999,
	Address = {Madrid},
	Author = {Cartagena, Nelson},
	Booktitle = {Gram{\'a}tica descriptiva de la lengua espa{\~n}ola},
	Date-Added = {2019-10-04 13:27:50 +0200},
	Date-Modified = {2019-10-04 13:29:10 +0200},
	Editor = {Ignacio Bosque and Violeta Demonte},
	Pages = {2935--2975},
	Publisher = {Espasa-Calpe},
	Title = {Los tiempos compuestos},
	Year = {1999}}

@article{Clift2006,
	Author = {Clift, Rebecca},
	Date-Added = {2019-10-04 13:27:50 +0200},
	Date-Modified = {2019-10-04 13:30:49 +0200},
	Journal = {Journal of Sociolinguistics},
	Number = {5},
	Pages = {569--595},
	Title = {Indexing Stance: reported speech as an interactional evidential},
	Volume = {10},
	Year = {2006}}

@phdthesis{CallisayaApaza2012,
	Author = {Callisaya Apaza, Gregorio},
	Date-Added = {2019-10-04 13:26:45 +0200},
	Date-Modified = {2019-10-04 13:27:34 +0200},
	School = {Universidad de Salamanca},
	Title = {El espa{\~n}ol de Bolivia. Contribuci{\'o}n a la dialectolog{\'\i}a y a la lexicograf{\'\i}a hispanoamericana},
	Year = {2012}}

@book{Briz2000,
	Address = {Barcelona},
	Author = {Briz, Antonio and {Universidad de Valencia}},
	Date-Added = {2019-10-04 13:23:36 +0200},
	Date-Modified = {2019-10-04 13:26:38 +0200},
	Publisher = {Ariel},
	Title = {Â¿C{\'o}mo se comenta un texto coloquial?},
	Year = {2000}}

@article{Bermudez2008,
	Author = {Berm{\'u}dez, Fernando},
	Date-Added = {2019-10-04 13:22:49 +0200},
	Date-Modified = {2019-10-04 13:23:30 +0200},
	Journal = {Studia Neophilologica},
	Pages = {203--222},
	Title = {Hab{\'\i}a sido o no hab{\'\i}a sido, he ah{\'\i} la cuesti{\'o}n: pluscuamperfecto y evidencialidad en castellano},
	Volume = {80},
	Year = {2008}}

@article{Babel2009,
	Author = {Babel, Anna},
	Date-Added = {2019-10-04 13:20:58 +0200},
	Date-Modified = {2019-10-04 13:21:54 +0200},
	Journal = {Language in Society},
	Pages = {487--511},
	Title = {Dizque evidentiality and stance in Valley Spanish},
	Volume = {38},
	Year = {2009}}

@incollection{Ramirez1997,
	Address = {Manaus},
	Author = {Ramirez, Henri},
	Date-Added = {2019-09-13 15:04:22 +0200},
	Date-Modified = {2019-09-13 15:07:47 +0200},
	Publisher = {Inspetoria Salesiana Mission{\'a}ria da Amaz{\^o}nia and Centro ``Iauaret{\'e}'' de Documenta{\c c}{\~a}o Etnogr{\'a}fica e Mission{\'a}ria},
	Title = {A fala Tukano dos Ye'p{\^a}-Masa, vol. 1: Gram{\'a}tica},
	Year = {1997}}

@incollection{Hyland1999,
	Address = {London},
	Author = {Hyland, Ken},
	Booktitle = {Writing: Texts: Processes and Practices},
	Date-Added = {2019-09-13 15:01:02 +0200},
	Date-Modified = {2019-09-13 15:02:43 +0200},
	Editor = {C. Candlin and K. Hyland},
	Pages = {99--121},
	Publisher = {Longman},
	Title = {Disciplinary Discourses: Writer Stance in Research Articles},
	Year = {1999}}

@article{Kroeker2001,
	Author = {Kroeker, Menno},
	Date-Added = {2019-09-11 15:28:26 +0200},
	Date-Modified = {2019-09-13 15:05:41 +0200},
	Journal = {International Journal of American Linguistics},
	Number = {1},
	Pages = {1--87},
	Title = {A descriptive grammar of Nambikuara},
	Volume = {67},
	Year = {2001}}

@book{Sapir1993,
	Address = {Berlin},
	Author = {Sapir, Edward},
	Date-Added = {2019-09-11 11:36:46 +0200},
	Date-Modified = {2019-09-11 11:37:30 +0200},
	Publisher = {Walter de Gruyter},
	Title = {The Psychology of Culture: A Course of Lectures},
	Year = {1993}}

@incollection{Sapir1932,
	Address = {Berkeley},
	Author = {Sapir, Edward},
	Booktitle = {Selected Writings in Language, Cuture and Personality},
	Date-Added = {2019-09-11 11:35:19 +0200},
	Date-Modified = {2019-09-11 11:36:36 +0200},
	Editor = {David Mandelbaum},
	Pages = {364--367},
	Publisher = {University of California Press},
	Title = {Group},
	Year = {1932}}

@article{NuckollsLev2012,
	Author = {Nuckolls, Janis and Lev, Michael},
	Date-Added = {2019-09-11 11:33:48 +0200},
	Date-Modified = {2019-09-11 11:34:35 +0200},
	Journal = {Pragmatics and Society},
	Number = {2},
	Pages = {11--188},
	Title = {Evidentials and evidential strategies in interactional and socio-cultural context},
	Volume = {3},
	Year = {2012}}

@article{Mendoza2016,
	Author = {Mendoza, Martha},
	Date-Added = {2019-09-11 11:32:32 +0200},
	Date-Modified = {2019-09-11 11:33:40 +0200},
	Journal = {LIAMS},
	Number = {1},
	Pages = {139--156},
	Title = {Politeness strategies in a Mesoamerican language isolate: The case of P'urhepecha},
	Volume = {16},
	Year = {2016}}

@phdthesis{Meira1999,
	Address = {Houston, Texas},
	Author = {Meira, Sergio},
	Date-Added = {2019-09-11 11:31:41 +0200},
	Date-Modified = {2019-09-11 11:32:23 +0200},
	School = {Rice University},
	Title = {A Grammar of Tiriyo},
	Year = {1999}}

@article{Hoff1986,
	Author = {Hoff ,Berend J.},
	Date-Added = {2019-09-11 11:30:33 +0200},
	Date-Modified = {2019-09-11 11:31:30 +0200},
	Journal = {Lingua},
	Pages = {49--103},
	Title = {Evidentiality in Carib: particles, affixes, and a variant of Wackernagel's law},
	Volume = {69},
	Year = {1986}}

@book{Guerreiro2015,
	Address = {Universidade Estadual de Campinas},
	Author = {Guerreiro, Antonio},
	Date-Added = {2019-09-11 11:29:43 +0200},
	Date-Modified = {2019-09-11 11:30:24 +0200},
	Publisher = {Editora da Unicamp},
	Title = {Ancestrais e suas sombras. Uma etnografia da chefia Kalapalo e seu ritual mortu{\'a}rio},
	Year = {2015}}

@incollection{Franchetto2000,
	Address = {Nanterre},
	Author = {Franchetto, Bruna},
	Booktitle = {Les rituelles du dialogue},
	Date-Added = {2019-09-11 11:28:03 +0200},
	Date-Modified = {2019-09-11 11:29:35 +0200},
	Editor = {Aurore ood Becqueli and Philippe Erikson},
	Pages = {481--510},
	Publisher = {Societ{\'e} d'Ethnologie},
	Title = {Rencontres rituelles dan le Haut-Xingu: La parole du chefe'},
	Year = {2000}}

@article{Franchetto1983,
	Author = {Franchetto, Bruna},
	Date-Added = {2019-09-11 11:26:56 +0200},
	Date-Modified = {2019-09-11 11:27:42 +0200},
	Journal = {Candernos de Estudos Ling{\"u}isticos},
	Pages = {4--72},
	Title = {A fala do chefe: Generos verbais entre os Kuikuru do Alto Xingu},
	Volume = {4},
	Year = {1983}}

@book{Franchetto,
	Author = {Franchetto, Bruna},
	Date-Added = {2019-09-11 11:19:24 +0200},
	Date-Modified = {2019-09-11 11:26:27 +0200},
	Title = {'Les marques de la parole vraie en Kuikuro, langue Caribe du Haut Xingu (Bresil)}}

@incollection{DuBois2004,
	Address = {Amsterdam},
	Author = {Du Bois, John W.},
	Booktitle = {Stance in Discourse: Subjectivity in Interaction},
	Date-Added = {2019-09-11 11:10:45 +0200},
	Date-Modified = {2019-09-11 11:21:22 +0200},
	Editor = {Robert Englebretson},
	Pages = {1--43},
	Publisher = {John Benjamins},
	Title = {The Stance Triangle},
	Year = {2004}}

@article{Dickinson1999,
	Author = {Dickinson, Connie},
	Date-Added = {2019-09-11 10:55:19 +0200},
	Date-Modified = {2019-09-11 11:09:56 +0200},
	Journal = {Chicago Linguistic Society},
	Pages = {29--44},
	Title = {Semantic and Pragmatic Dimensions of Tsafiki Evidential and Mirative Markers},
	Volume = {35},
	Year = {1999}}

@inproceedings{Haan2001,
	Author = {De Haan, Ferdinand},
	Booktitle = {Language Diversity and Linguistic Theories Symposium Proceedings: Linguistiche Berichte, Sonderheft},
	Date-Added = {2019-09-11 10:53:53 +0200},
	Date-Modified = {2019-09-11 16:36:08 +0200},
	Pages = {201--216},
	Title = {Encoding speaker perspective: evidentials},
	Volume = {9},
	Year = {2001}}

@article{DeHaan1999,
	Author = {De Haan, Ferdinand},
	Date-Added = {2019-09-11 10:52:55 +0200},
	Date-Modified = {2019-09-11 10:53:47 +0200},
	Journal = {Southwest Journal of Linguistics},
	Pages = {83--102},
	Title = {Evidentiality and epistemic modality: setting boundaries},
	Volume = {18},
	Year = {1999}}

@book{Carlin2004,
	Address = {Frankfurt am Main},
	Author = {Carlin, Eithne},
	Date-Added = {2019-09-11 10:51:46 +0200},
	Date-Modified = {2019-09-11 10:52:46 +0200},
	Publisher = {Peter Lang},
	Series = {Duisburg Papers on Research in Language and Culture, 55},
	Title = {A Grammar of Trio. A Cariban Language of Suriname},
	Year = {2004}}

@article{Bernqvist2016,
	Author = {Bernqvist, Henrik},
	Date-Added = {2019-09-11 10:50:08 +0200},
	Date-Modified = {2019-09-11 10:51:33 +0200},
	Journal = {IJAL},
	Number = {2},
	Pages = {1--34},
	Title = {Epistemic perspective in Kogi},
	Volume = {82},
	Year = {2016}}

@incollection{Basso2014,
	Address = {Amsterdam/Philadelphia},
	Author = {Basso, Ellen B.},
	Booktitle = {Word Formation in South American Languages},
	Date-Added = {2019-09-11 10:47:54 +0200},
	Date-Modified = {2019-09-11 10:49:57 +0200},
	Editor = {Swintha Danielsen et. al.},
	Pages = {181--206},
	Publisher = {John Benjamins},
	Title = {Compounding in Kalapalo, a Southern Cariban language},
	Year = {2014}}

@article{Basso2008,
	Author = {Basso, Ellen B.},
	Date-Added = {2019-09-11 10:47:02 +0200},
	Date-Modified = {2019-09-11 10:47:48 +0200},
	Journal = {Pragmatics},
	Number = {2},
	Pages = {215--253},
	Title = {Epistemic deixis in Kalapalo},
	Volume = {18},
	Year = {2008}}

@article{Basso2007,
	Author = {Basso, Ellen B.},
	Date-Added = {2019-09-11 10:46:10 +0200},
	Date-Modified = {2019-09-11 10:46:56 +0200},
	Journal = {Journal of Linguistic Anthropology},
	Number = {2},
	Pages = {161--183},
	Title = {The Kalapalo affinal civility register},
	Volume = {17},
	Year = {2007}}

@incollection{Basso2009,
	Address = {Oxford/ New York},
	Author = {Basso, Ellen B.},
	Booktitle = {Ritual Communication},
	Date-Added = {2019-09-11 10:44:48 +0200},
	Date-Modified = {2019-09-11 10:45:59 +0200},
	Editor = {Gunther Senft and Ellen B. Basso},
	Pages = {243--270},
	Publisher = {Berg},
	Title = {Civility and deception in two Kalapalo ritual forms},
	Year = {2009}}

@incollection{Basso1998,
	Address = {Toronto},
	Author = {Basso, Ellen B.},
	Booktitle = {Theorizing the Americanist Tradition},
	Date-Added = {2019-09-11 10:43:26 +0200},
	Date-Modified = {2019-09-11 10:44:40 +0200},
	Editor = {Regna Darnell and Lisa Valentine},
	Pages = {315--329},
	Publisher = {University of Toronto Press},
	Title = {Interpersonal Relations in a Kalapalo shaman's narrative},
	Year = {1998}}

@book{Basso1987,
	Address = {Austin},
	Author = {Basso, Ellen B.},
	Date-Added = {2019-09-11 10:42:40 +0200},
	Date-Modified = {2019-09-11 10:43:20 +0200},
	Publisher = {University of Texas Press},
	Title = {The Last Cannibals},
	Year = {1987}}

@book{Basso1986,
	Address = {Tucson},
	Author = {Basso, Ellen B.},
	Date-Added = {2019-09-11 10:41:43 +0200},
	Date-Modified = {2019-09-11 10:42:35 +0200},
	Publisher = {University of Arizona Press},
	Title = {In Favor of Deceit},
	Year = {1986}}

@book{Basso1985,
	Address = {Philadelphia},
	Author = {Basso, Ellen B.},
	Date-Added = {2019-09-11 10:40:38 +0200},
	Date-Modified = {2019-09-11 10:41:31 +0200},
	Publisher = {University of Pennsylvania Press},
	Title = {A Musical View of the Universe},
	Year = {1985}}

@article{Ameka2004,
	Author = {Ameka, Felix K.},
	Date-Added = {2019-09-11 10:38:55 +0200},
	Date-Modified = {2019-09-11 10:40:08 +0200},
	Journal = {Journal of West African Languages},
	Pages = {5--28},
	Title = {Grammar and cultural practices: The grammaticalisation of triadic communication in West Africa languges},
	Volume = {30},
	Year = {2004}}

@incollection{Tournadre1996,
	Address = {Paris},
	Author = {Tournadre, Nicolas},
	Booktitle = {L'{\'e}nonciation m{\'e}diatis{\'e}e},
	Date-Added = {2019-09-11 10:17:26 +0200},
	Date-Modified = {2019-09-11 10:18:42 +0200},
	Editor = {Guentch{\'e}va, Zlatka},
	Pages = {195--213},
	Publisher = {Peeters},
	Title = {Comparaison des syst{\`e}mes m{\'e}diatifs de quatre dialectes tib{\'e}tains (tib{\'e}tain central, ladakhi, dzongkha et amdo)},
	Year = {1996}}

@article{Tatevosov2001,
	Author = {Tatevosov, Sergei},
	Date-Added = {2019-09-11 10:16:31 +0200},
	Date-Modified = {2019-09-11 10:17:19 +0200},
	Journal = {Journal of Pragmatics},
	Number = {3},
	Pages = {443--464},
	Title = {From resultatives to evidentials: multiple uses of the perfect in Nakh-Daghestanian languages},
	Volume = {33},
	Year = {2001}}

@article{StiversRossano2010,
	Author = {Stivers, Tanya and Federico Rossano},
	Date-Added = {2019-09-11 10:15:23 +0200},
	Date-Modified = {2019-09-12 10:57:07 +0200},
	Journal = {Research on Language and Social Interaction},
	Number = {1},
	Pages = {3--31},
	Title = {Mobilizing Response},
	Volume = {43},
	Year = {2010}}

@article{Stivers2010,
	Author = {Stivers, Tanya},
	Date-Added = {2019-09-11 10:14:15 +0200},
	Date-Modified = {2019-09-11 10:15:07 +0200},
	Journal = {Journal of Pragmatics},
	Number = {10},
	Pages = {2772--2781},
	Title = {An overview of the question--response system in American English conversation},
	Volume = {42},
	Year = {2010}}

@incollection{SlobinAksu1982,
	Address = {Amsterdam},
	Author = {Slobin, Dan and Ayhan Aksu},
	Booktitle = {Tense-aspect: Between semantics and pragmatics},
	Date-Added = {2019-09-11 10:11:27 +0200},
	Date-Modified = {2019-09-11 10:12:55 +0200},
	Editor = {P. Hopper},
	Pages = {185--200},
	Publisher = {Benjamins},
	Title = {Tense, aspect, and modality in the use of the Turkish evidential},
	Year = {1982}}

@article{Sillitoe2010,
	Author = {Sillitoe, Paul},
	Date-Added = {2019-09-11 10:10:19 +0200},
	Date-Modified = {2019-09-11 10:11:09 +0200},
	Journal = {Journal of the Royal Anthropological Institute},
	Pages = {12--30},
	Title = {Trust in development: some implications of knowing in indigenous knowledge},
	Volume = {16},
	Year = {2010}}

@book{Searle1969,
	Address = {Cambridge},
	Author = {Searle, John R.},
	Date-Added = {2019-09-11 10:09:05 +0200},
	Date-Modified = {2019-09-11 10:10:02 +0200},
	Publisher = {Cambridge University Press},
	Title = {Speech Acts: An Essay in the Philosophy of Language},
	Year = {1969}}

@article{SchultzeBerndt2017,
	Author = {Schultze-Berndt, Eva},
	Date-Added = {2019-09-11 10:06:04 +0200},
	Date-Modified = {2019-09-11 10:08:42 +0200},
	Journal = {Open Linguistics},
	Number = {1},
	Pages = {178-218},
	Title = {Shared vs. primary epistemic authority in Jaminjung/Ngaliwurru},
	Volume = {3},
	Year = {2017}}

@article{SanRoqueetal2018,
	Author = {San Roque, Lila and Simeon Floyd and Elisabeth Norcliffe},
	Date-Added = {2019-09-11 10:02:12 +0200},
	Date-Modified = {2019-09-11 10:05:55 +0200},
	Journal = {Egophoricity},
	Publisher = {John Benjamins},
	Title = {Egophoricity},
	Volume = {118},
	Year = {2018}}

@article{SanRoqueetal2017,
	Author = {San Roque, Lila and Simeon Floyd and Elisabeth Norcliffe},
	Date-Added = {2019-09-11 09:57:46 +0200},
	Date-Modified = {2019-09-11 10:01:40 +0200},
	Journal = {Lingua},
	Pages = {120--143},
	Title = {Evidentiality and interrogativity},
	Volume = {186},
	Year = {2017}}

@article{SanRoqueetal2012,
	Author = {San Roque, Lila and L. Gawne and D. Hoenigman and J. Miller and S. Spronck and A. Rumsey and A. Carroll and N. Evans},
	Date-Added = {2019-09-11 09:56:09 +0200},
	Date-Modified = {2019-09-11 09:59:08 +0200},
	Journal = {Language Documentation and Conservation},
	Pages = {135--174},
	Title = {Getting the story straight: Language fieldwork using a narrative problem-solving task},
	Volume = {6},
	Year = {2012}}

@article{SanRoqueLoughnane2012b,
	Author = {San Roque, L. and R. Loughnane},
	Date-Added = {2019-09-11 09:53:49 +0200},
	Date-Modified = {2019-09-11 09:55:54 +0200},
	Journal = {Linguistic Typology},
	Pages = {111--167},
	Title = {Evidentiality in Highland New Guinea},
	Volume = {16},
	Year = {2012}}

@book{Rule1977,
	Address = {Sydney},
	Author = {Rule, W. M.},
	Date-Added = {2019-09-11 09:49:06 +0200},
	Date-Modified = {2019-09-11 09:53:23 +0200},
	Publisher = {University of Sydney},
	Title = {A comparative study of the Foe, Huli and Pole languages of Papua New Guinea},
	Year = {1977}}

@phdthesis{Quartararo2017,
	Author = {Quartararo, Geraldine},
	Date-Added = {2019-09-11 09:47:55 +0200},
	Date-Modified = {2019-09-11 09:48:42 +0200},
	School = {Stockholm University},
	Title = {Evidencialidad indirecta en aimara y en el espa{\~n}ol de La Paz: un studio sem{\'a}ntico-pragm{\'a}tico de textos orales},
	Year = {2017}}

@book{Palmer1986,
	Address = {Cambridge},
	Author = {Palmer, F. R.},
	Date-Added = {2019-09-06 11:45:06 +0200},
	Date-Modified = {2019-09-06 11:45:53 +0200},
	Publisher = {Cambridge University Press},
	Title = {Mood and Modality},
	Year = {1986}}

@incollection{Ortiz1994,
	Address = {Bogot{\'a}},
	Author = {Ort{\'\i}z Ricaurte, Carolina},
	Booktitle = {Estructuras sintacticas de la predicaci{\'o}n: Lenguas amerindias de Colombia},
	Date-Added = {2019-09-06 11:43:40 +0200},
	Date-Modified = {2019-09-06 11:44:51 +0200},
	Editor = {Jon Landaburu},
	Publisher = {CCELA},
	Title = {Clases y tipos de predicados en la lengua Kogui},
	Year = {1994}}

@book{Mushin2001,
	Address = {Amsterdam},
	Author = {Mushin, Ilana},
	Date-Added = {2019-09-06 11:42:24 +0200},
	Date-Modified = {2019-09-06 11:43:33 +0200},
	Publisher = {John Benjamins},
	Title = {Evidentiality and Epistemological Stance: Narrative Retelling},
	Year = {2001}}

@book{Mithun1999,
	Address = {Cambridge},
	Author = {Mithun, Marianne},
	Date-Added = {2019-09-06 11:41:20 +0200},
	Date-Modified = {2019-09-06 11:42:12 +0200},
	Publisher = {Cambridge University Press},
	Title = {The Languages of Native North America},
	Year = {1999}}

@book{Lindstrom2008,
	Address = {Stockholm},
	Author = {Lindstr{\"o}m, Jan},
	Date-Added = {2019-09-06 11:39:17 +0200},
	Date-Modified = {2019-09-06 11:40:39 +0200},
	Publisher = {Norstedts},
	Title = {Tur och ordning: Introduktion till svensk samtalsgrammatik},
	Year = {2008}}

@incollection{Lazard1996,
	Address = {Louvain},
	Author = {Lazard, Gilbert},
	Booktitle = {L'{\'e}nonciation m{\'e}diatis{\'e}e},
	Date-Added = {2019-09-06 11:37:57 +0200},
	Date-Modified = {2019-09-06 11:39:06 +0200},
	Editor = {Z. Guentch{\'e}va},
	Pages = {21--30},
	Publisher = {Peeters},
	Title = {Le m{\'e}diatif en persan},
	Year = {1996}}

@book{Labov1977,
	Address = {New York},
	Author = {Labov, William and Fanshel, D},
	Date-Added = {2019-09-06 11:36:51 +0200},
	Date-Modified = {2019-09-06 11:37:42 +0200},
	Publisher = {Academic Press},
	Title = {Therapeutic discourse: psychotherapy as conversation},
	Year = {1977}}

@unpublished{Kittila,
	Author = {Kittil{\"a}, Seppo},
	Date-Added = {2019-09-06 11:35:41 +0200},
	Date-Modified = {2019-09-06 11:36:37 +0200},
	Note = {To appear in Linguistics},
	Title = {General knowledge as an evidential category},
	Year = {(forthcoming)}}

@book{Jespersen1922,
	Address = {London},
	Author = {Jespersen, Otto},
	Date-Added = {2019-09-06 11:34:36 +0200},
	Date-Modified = {2019-09-06 11:35:27 +0200},
	Publisher = {G. Allen \& Unwin},
	Title = {Language; its nature, development and origin},
	Year = {1922}}

@incollection{Jakobson1957,
	Address = {Cambridge, MA},
	Annote = {Dept. of Slavic Languages and Literatures. Reprinted in On language ed. by L. R. Waugh \& M. Monville-Burston [1990], 386-392. Cambridge, MA: Harvard University Press. 

>> quartaro},
	Author = {Jakobson, Roman},
	Booktitle = {On language},
	Date-Added = {2019-09-06 11:32:40 +0200},
	Date-Modified = {2019-10-04 13:52:04 +0200},
	Editor = {Linda R. Waugh and Monique Monville-Burston},
	Pages = {386--392},
	Publisher = {Harvard University Press},
	Title = {Shifters and verbal categories},
	Year = {1957}}

@article{Hyland2005,
	Author = {Hyland, Ken},
	Date-Added = {2019-09-06 11:31:43 +0200},
	Date-Modified = {2019-09-06 11:32:31 +0200},
	Journal = {Discourse Studies},
	Number = {2},
	Pages = {173--192},
	Title = {Stance and engagement: a model of interaction in academic discourse},
	Volume = {7},
	Year = {2005}}

@article{Hyland2001,
	Author = {Hyland, Ken},
	Date-Added = {2019-09-06 11:30:01 +0200},
	Date-Modified = {2019-09-06 11:31:29 +0200},
	Journal = {Written Communication},
	Number = {4},
	Pages = {549--574},
	Title = {Bringing in the reader: Addressee features in academic articles},
	Volume = {18},
	Year = {2001}}

@article{Hill2012,
	Author = {Hill, Nathan},
	Date-Added = {2019-09-06 11:28:45 +0200},
	Date-Modified = {2019-10-04 13:49:59 +0200},
	Journal = {Linguistic Typology},
	Number = {3},
	Pages = {389--433},
	Title = {Mirativity does not exist: \textit{hdug} in Lhasa Tibetan and other suspects},
	Volume = {16},
	Year = {2012}}

@article{Heritage2012,
	Author = {Heritage, John},
	Date-Added = {2019-09-06 11:26:37 +0200},
	Date-Modified = {2019-09-06 11:28:25 +0200},
	Journal = {Research on Language \& Social Interaction},
	Pages = {1--29},
	Title = {Epistemics in Action: Action Formation and Territories of Knowledge},
	Volume = {45},
	Year = {2012}}

@article{HengeveldOlbertz2012,
	Author = {Hengeveld, Kees, and Hella Olbertz},
	Date-Added = {2019-09-06 11:21:43 +0200},
	Date-Modified = {2019-10-06 11:00:20 +0200},
	Journal = {Linguistic Typology},
	Number = {2},
	Pages = {487--503},
	Title = {Didn't you know? Mirativity does exist!},
	Volume = {16},
	Year = {2012}}

@article{Haspelmath2010,
	Author = {Haspelmath, Martin},
	Date-Added = {2019-09-06 11:13:15 +0200},
	Date-Modified = {2019-09-06 11:14:15 +0200},
	Journal = {Language},
	Number = {3},
	Pages = {663--687},
	Title = {Comparative concepts and descriptive categories in crosslinguistic studies},
	Volume = {86},
	Year = {2010}}

@book{Halliday1973,
	Address = {London},
	Author = {Halliday, M.A.K},
	Date-Added = {2019-09-06 11:12:08 +0200},
	Date-Modified = {2019-09-06 11:12:54 +0200},
	Publisher = {Edward Arnold},
	Title = {Explorations in the Functions of Language},
	Year = {1973}}

@incollection{Guentcheva2011,
	Address = {Brussels},
	Author = {Guentch{\'e}va, Z.},
	Booktitle = {La prise en charge {\'e}nonciative: Etudes th{\'e}oriques et empiriques (Champs Linguistiques)},
	Date-Added = {2019-09-06 11:09:32 +0200},
	Date-Modified = {2019-09-06 11:11:30 +0200},
	Editor = {P. Dendale and D. Coltier},
	Pages = {117--142},
	Publisher = {De Boeck-Duculot},
	Title = {L'op{\'e}ration de prise en charge et la notion de m{\'e}diativit{\'e}},
	Year = {2011}}

@book{Givon2001,
	Author = {Giv{\'o}n, Talmy},
	Date-Added = {2019-09-06 11:08:45 +0200},
	Date-Modified = {2019-09-06 11:09:17 +0200},
	Publisher = {John Benjamins Publishing},
	Title = {Syntax: an introduction},
	Year = {2001}}

@book{GawneHill2017,
	Author = {Gawne, Lauren. and {Nathan W.} Hill},
	Date-Added = {2019-09-06 11:06:51 +0200},
	Date-Modified = {2019-09-06 11:07:48 +0200},
	Publisher = {Mouton de Gruyter},
	Title = {Evidential Systems of Tibetan Languages},
	Year = {2017}}

@article{Evansetal2017b,
	Author = {Evans, Nicholas R. and Henrik Bergqvist and Lila San Roque},
	Date-Added = {2019-09-06 11:05:23 +0200},
	Date-Modified = {2019-09-06 11:06:17 +0200},
	Journal = {Language and Cognition},
	Pages = {1--30},
	Title = {The grammar of engagement II: typology and diachrony},
	Year = {2017}}

@article{Evansetal2017a,
	Author = {Evans, Nicholas R. and Henrik Bergqvist and Lila San Roque},
	Date-Added = {2019-09-06 11:03:55 +0200},
	Date-Modified = {2019-09-06 11:05:12 +0200},
	Journal = {Language and Cognition},
	Pages = {1--31},
	Title = {The grammar of engagement I: framework and initial exemplification},
	Year = {2017}}

@incollection{Evans2012b,
	Author = {Evans Nicholas R.},
	Booktitle = {Practical Theories and Empirical Practice: Facets of a Complex Interaction},
	Date-Added = {2019-09-06 11:01:04 +0200},
	Date-Modified = {2019-09-06 11:03:38 +0200},
	Editor = {Schalley, Andrea C},
	Pages = {159--183},
	Publisher = {John Benjamins},
	Title = {Nen assentives and the problem of dyadic parallelisms},
	Year = {2012}}

@incollection{DuBois2007,
	Author = {Du Bois, John},
	Booktitle = {Stancetaking in discours},
	Date-Added = {2019-09-06 10:59:57 +0200},
	Date-Modified = {2019-09-06 11:00:55 +0200},
	Editor = {R. Engelbretson},
	Pages = {139--182},
	Publisher = {John Benjamins},
	Title = {The stance triangle},
	Year = {2007}}

@article{Descles2009,
	Author = {Descl{\'e}s, J.-P},
	Date-Added = {2019-09-06 10:58:59 +0200},
	Date-Modified = {2019-09-06 10:59:40 +0200},
	Journal = {Langue Francaise},
	Pages = {29--54},
	Title = {Prise en charge, engagement et d{\'e}sengagement},
	Volume = {162},
	Year = {2009}}

@article{DeLancey2012,
	Author = {DeLancey, Scott},
	Date-Added = {2019-09-06 10:58:02 +0200},
	Date-Modified = {2019-09-06 10:58:40 +0200},
	Journal = {Linguistic Typology},
	Number = {3},
	Pages = {529--564},
	Title = {Still mirative after all these years},
	Volume = {16},
	Year = {2012}}

@article{DeLancey1997,
	Author = {DeLancey, Scott},
	Date-Added = {2019-09-06 10:56:44 +0200},
	Date-Modified = {2019-09-06 10:57:38 +0200},
	Journal = {Linguistic Typology},
	Pages = {33--52},
	Title = {Mirativity: The grammatical marking of unexpected information},
	Volume = {1},
	Year = {1997}}

@incollection{Haan2013b,
	Address = {Leipzig},
	Author = {De Haan, Ferdinand},
	Booktitle = {The World Atlas of Language Structures Online},
	Date-Added = {2019-09-06 10:54:09 +0200},
	Date-Modified = {2019-09-06 10:56:30 +0200},
	Editor = {Dryer, Matthew S. and Haspelmath, Martin},
	Note = {Available online at \url{http://wals.info/chapter/78}},
	Publisher = {Max Planck Institute for Evolutionary Anthropology},
	Title = {Coding of Evidentiality},
	Year = {2013}}

@article{Haan1999,
	Author = {De Haan, Ferdinand},
	Date-Added = {2019-09-06 10:52:52 +0200},
	Date-Modified = {2019-09-06 10:53:38 +0200},
	Journal = {Southwest Journal of Linguistics},
	Pages = {83--101},
	Title = {Evidentiality and epistemic modality: setting boundaries},
	Volume = {18},
	Year = {1999}}

@incollection{Davidsen1996,
	Author = {Davidsen-Nielsen, Niels},
	Booktitle = {Content, Expression and Structure: Studies in Danish functional grammar},
	Date-Added = {2019-09-06 10:50:35 +0200},
	Date-Modified = {2019-09-06 10:52:42 +0200},
	Editor = {Engberg-Pedersen, Elisabeth and Michael Fortescue and Peter Harder and Lars Heltoft and Lisbeth Falster Jakobsen},
	Pages = {283--314},
	Publisher = {John Benjamins},
	Series = {Studies in Language Companion Series 29},
	Title = {Discourse particles in Danish},
	Year = {1996}}

@article{Curnow2003,
	Author = {Curnow, J. Timothy},
	Date-Added = {2019-09-06 10:49:26 +0200},
	Date-Modified = {2019-10-04 13:34:43 +0200},
	Journal = {Studies in Language},
	Number = {1},
	Pages = {39--59},
	Title = {Non-volitionality expressed through evidentials},
	Volume = {27},
	Year = {2003}}

@article{Curnow2002b,
	Author = {Curnow, J. Timothy},
	Date-Added = {2019-09-06 10:45:39 +0200},
	Date-Modified = {2019-09-06 10:48:27 +0200},
	Journal = {Anthropological Linguistics},
	Month = {July},
	Number = {2},
	Pages = {178--96},
	Title = {Types of interaction between evidentials and first-person subjects},
	Volume = {44},
	Year = {2002}}

@article{Creissel2008,
	Author = {Creissels, Denis},
	Date-Added = {2019-09-06 09:52:12 +0200},
	Date-Modified = {2019-09-06 09:53:46 +0200},
	Journal = {Language typology and universals (STUF)},
	Number = {4},
	Pages = {309--325},
	Title = {Person variation in Akhvakh verb morphology: functional motivation and origin of an uncommon pattern},
	Volume = {61},
	Year = {2008}}

@article{Cornillie2009,
	Author = {Cornillie, Bert},
	Date-Added = {2019-09-06 09:50:57 +0200},
	Date-Modified = {2019-09-06 09:52:02 +0200},
	Journal = {Functions of language},
	Number = {1},
	Pages = {32--44},
	Title = {Evidentiality and epistemic modality: on the close relationship of two different categories},
	Volume = {16},
	Year = {2009}}

@book{ChafeNichols1986,
	Address = {Norwood N.J},
	Author = {Chafe, Wallace and Johanna Nichols},
	Date-Added = {2019-09-06 09:49:31 +0200},
	Date-Modified = {2019-09-11 11:59:13 +0200},
	Publisher = {Ablex Pub. Corp},
	Title = {Evidentiality: the linguistic coding of epistemology},
	Year = {1986}}

@book{Berthelinetal,
	Author = {Berthelin, Signe Rix and Kaja Borthen, and {Cecilie Slinning} Knudsen},
	Date-Added = {2019-09-06 09:45:48 +0200},
	Date-Modified = {2019-09-06 09:48:23 +0200},
	Publisher = {Paper presented at MONS 15: M{\o}te om norsk spr{\aa}k, 21st-23rd November, University of Oslo},
	Title = {Midtstillet jo -- semantiske og pragmatiske aspekter},
	Year = {2013}}

@article{BergqvistKnuchel2017,
	Author = {Bergqvist, Henrik and Dominique Knuchel},
	Date-Added = {2019-09-06 09:43:42 +0200},
	Date-Modified = {2019-09-06 09:44:30 +0200},
	Journal = {Open Linguistics},
	Pages = {359--377},
	Title = {Complexity in Egophoric Marking: From Agents to Attitude Holders},
	Volume = {3},
	Year = {2017}}

@article{BergqvistKittila2017,
	Author = {Bergqvist, Henrik and Seppo Kittil{\"a}},
	Date-Added = {2019-09-06 09:42:26 +0200},
	Date-Modified = {2019-09-06 09:43:28 +0200},
	Journal = {Open Linguistics},
	Pages = {18--30},
	Title = {Person and Knowledge: Introduction},
	Volume = {3},
	Year = {2017}}

@incollection{Bergqvist2018c,
	Author = {Bergqvist, Henrik},
	Booktitle = {Evidence for Evidentiality},
	Date-Added = {2019-09-06 09:40:13 +0200},
	Date-Modified = {2019-09-06 09:41:47 +0200},
	Editor = {Foolen, Ad and Helen de Hoop and Gijs Mulder},
	Pages = {19--43},
	Publisher = {John Benjamins},
	Series = {Human Cognitive Processing 61},
	Title = {Evidentiality as stance: Event types and speaker roles},
	Year = {2018}}

@incollection{Bergqvist2018b,
	Author = {Bergqvist, Henrik},
	Booktitle = {Epistemic modalities and evidentiality in cross-linguistic perspective},
	Date-Added = {2019-09-06 09:37:53 +0200},
	Date-Modified = {2019-09-06 09:39:52 +0200},
	Editor = {Guentcheva, Zlatka},
	Pages = {319--345},
	Publisher = {Mouton De Gruyter},
	Series = {Empirical Approaches to Language Typology 59},
	Title = {Intersubjectification revisited: a cross-categorical perspective},
	Year = {2018}}

@incollection{Bergqvist2018a,
	Author = {Bergqvist, Henrik},
	Booktitle = {Egophoricity},
	Date-Added = {2019-09-06 09:35:22 +0200},
	Date-Modified = {2019-09-06 09:37:33 +0200},
	Editor = {San Roque, Lila and Simeon Floyd and Elisabeth Norcliffe},
	Pages = {347--375},
	Publisher = {John Benjamins},
	Title = {The role of sentence type in Ika (Arwako) egophoric marking},
	Year = {2018}}

@article{Bergqvist2015,
	Annote = {Special Issue: Epistemic marking in typological perspective},
	Author = {Bergqvist, Henrik},
	Date-Added = {2019-09-06 09:30:44 +0200},
	Date-Modified = {2019-09-06 09:33:58 +0200},
	Editor = {Bergqvist, Henrik and Lila San Roque},
	Journal = {Language Typology and Universals (STUF)},
	Number = {2},
	Pages = {123--141},
	Title = {Epistemic marking and multiple perspective: an introduction},
	Volume = {68},
	Year = {2015}}

@book{Andvik1992,
	Author = {Andvik, Erik E.},
	Date-Added = {2019-09-06 09:28:17 +0200},
	Date-Modified = {2019-09-06 09:29:35 +0200},
	Publisher = {Summer Institute of Linguistics and The University of Texas at Arlington},
	Title = {A Pragmatic Analysis of Norwegian Modal Particles},
	Year = {1992}}

@book{AikhenvaldDixon2014,
	Author = {Aikhenvald, Alexandra Y. and {R. M. W. } Dixon},
	Date-Added = {2019-09-06 09:23:20 +0200},
	Date-Modified = {2019-09-06 09:26:57 +0200},
	Publisher = {Explorations in Linguistic Typology, Oxford Linguistics},
	Title = {The Grammar of Knowledge: A Cross-Linguistic Typology},
	Year = {2014}}

@book{AikhenvaldDixon2003,
	Address = {Amsterdam},
	Author = {Aikhenvald, Alexandra Y. and {R.M.W.} Dixon},
	Date-Added = {2019-09-06 09:20:47 +0200},
	Date-Modified = {2019-09-11 11:41:48 +0200},
	Publisher = {John Benjamins},
	Title = {Studies in evidentiality},
	Year = {2003}}

@incollection{Aikhenvald2014,
	Author = {Aikhenvald, Y. Alexandra},
	Booktitle = {The Grammar of Knowledge: A Cross-Linguistic Typology. Explorations in Linguistic Typology},
	Date-Added = {2019-09-06 09:18:05 +0200},
	Date-Modified = {2019-09-06 09:20:19 +0200},
	Editor = {Aikhenvald, Alexandra Y. and R. M. W. Dixon},
	Pages = {1--51},
	Publisher = {Oxford Linguistics},
	Title = {The Grammar of Knowledge: a Cross-linguistic View of Evidentials and the Expression of Information Source},
	Year = {2014}}

@book{AbrahamLeiss2012,
	Address = {Berlin},
	Author = {Abraham, Werner and Leiss, Elisabeth},
	Date-Added = {2019-09-06 09:16:43 +0200},
	Date-Modified = {2019-09-12 11:28:45 +0200},
	Publisher = {De Gruyter Mouton},
	Title = {Modality and Theory of Mind Elements across Languages},
	Year = {2012}}

@incollection{Abraham1991,
	Address = {London},
	Author = {Abraham, Werner},
	Booktitle = {Discourse Particles: Descriptive and Theoretical Investigations on the Logical, Syntactic, and Pragmatic Properties of Discourse Particles in German},
	Date-Added = {2019-09-06 09:13:57 +0200},
	Date-Modified = {2019-09-12 11:31:14 +0200},
	Editor = {Abraham, Werner},
	Pages = {141--162},
	Publisher = {Routledge},
	Title = {Introduction},
	Year = {1991}}

@article{Widmer2017b,
	Author = {Gawne, Lauren and {Nathan W.} Hill},
	Date-Added = {2019-08-06 14:28:03 +0200},
	Date-Modified = {2019-08-06 14:30:51 +0200},
	Journal = {Linguistics of the Tibeto-Burman Area},
	Number = {2},
	Pages = {285--303},
	Title = {Evidential systems of Tibetan languages},
	Volume = {40},
	Year = {2017}}

@book{Widmer2017a,
	Address = {Berlin},
	Author = {Widmer, Manuel},
	Date-Added = {2019-08-06 14:27:00 +0200},
	Date-Modified = {2019-08-06 14:27:50 +0200},
	Publisher = {De Gruyter},
	Title = {A grammar of Bunan},
	Year = {2017}}

@article{WidmerZuniga2017,
	Author = {Widmer, Manuel and Fernando Z{\'u}{\~n}iga},
	Date-Added = {2019-08-06 14:25:21 +0200},
	Date-Modified = {2019-08-06 14:26:47 +0200},
	Journal = {Open Linguistics},
	Pages = {419--441},
	Title = {Egophoricity, involvement, and semantic roles in Tibeto-Burman languages. Person and knowledge: from participant-role to epistemic marking},
	Volume = {3},
	Year = {2017}}

@article{Watters2006,
	Author = {Watters, David E.},
	Date-Added = {2019-08-06 14:24:37 +0200},
	Date-Modified = {2019-08-06 14:25:12 +0200},
	Journal = {Nepalese Linguistics},
	Pages = {300--319},
	Title = {The conjunct/disjunct distinction in Kaike},
	Volume = {22},
	Year = {2006}}

@book{vanDriem1992,
	Address = {Thimphu},
	Author = {van Driem, George},
	Date-Added = {2019-08-06 14:23:20 +0200},
	Date-Modified = {2019-08-06 14:24:23 +0200},
	Publisher = {Dzongkha Development Commission Royal Government of Bhutan},
	Title = {The grammar of Dzongkha},
	Year = {1992}}

@inproceedings{Tournadre2008,
	Address = {Halle},
	Author = {Tournadre, Nicholas},
	Booktitle = {Chomolongma, Demawend und Kasbek: Festschrift f{\"u}r Roland Bielmeier zu seinem 65. Geburtstag},
	Date-Added = {2019-08-06 14:20:26 +0200},
	Date-Modified = {2019-08-06 14:22:45 +0200},
	Editor = {Brigitte Huber and Marianne Volkart and Paul Widmer},
	Pages = {281--308},
	Publisher = {International Insitute for Tibetan and Buddhist Studies},
	Title = {Arguments against the concept of ``egophoric'' / ``allophoric'' in Tibetan.},
	Year = {2008}}

@article{Tournadre1991,
	Author = {Tournadre, Nicolas},
	Date-Added = {2019-08-06 14:19:32 +0200},
	Date-Modified = {2019-08-06 14:20:02 +0200},
	Journal = {Linguistics of the Tibeto-Burman Area},
	Number = {1},
	Pages = {93--107},
	Title = {The rhetorical use of the Tibetan ergative},
	Volume = {14},
	Year = {1991}}

@article{TournadreLaPolla2014,
	Author = {Tournadre, Nicolas and Randy J. LaPolla},
	Date-Added = {2019-08-06 14:18:20 +0200},
	Date-Modified = {2019-08-06 14:19:12 +0200},
	Journal = {Linguistics of the Tibeto-Burman Area},
	Number = {2},
	Pages = {240--263},
	Title = {Towards a new approach to evidentiality},
	Volume = {37},
	Year = {2014}}

@article{Sun1993,
	Author = {Sun, Jackson T.-S.},
	Date-Added = {2019-08-06 14:15:59 +0200},
	Date-Modified = {2019-08-06 14:18:01 +0200},
	Journal = {The Bulletin of the Institute of History and Philology, Academia Sinica},
	Pages = {945--1001},
	Title = {Evidentials in Amdo Tibetan},
	Volume = {63},
	Year = {1993}}

@article{SanRoqueLoughnane2012,
	Author = {San Roque, Lila and Robyn Loughnane},
	Date-Added = {2019-08-06 14:13:48 +0200},
	Date-Modified = {2019-08-06 14:15:47 +0200},
	Journal = {Linguistic Typology},
	Pages = {111--167},
	Title = {The New Guinea Highlands evidentiality area},
	Volume = {16},
	Year = {2012}}

@incollection{Plungian2010,
	Address = {Berlin},
	Author = {Plungian, Vladimir},
	Booktitle = {Linguistic realization of evidentiality in European languages},
	Date-Added = {2019-08-06 13:51:04 +0200},
	Date-Modified = {2019-08-06 13:53:10 +0200},
	Editor = {Gabriele Diewald and Elena Smirnova},
	Pages = {15--58},
	Publisher = {De Gruyter},
	Series = {Empirical Approaches to Language Typology 49},
	Title = {Types of verbal evidentiality marking: An overview},
	Year = {2010}}

@incollection{Oswalt1986,
	Address = {Norwood},
	Author = {Oswalt, Robert L.},
	Booktitle = {Evidentiality: the linguistic coding of epistemology},
	Date-Added = {2019-08-06 13:49:11 +0200},
	Date-Modified = {2019-08-06 13:50:18 +0200},
	Editor = {Wallace Chafe and Johanna Nichols},
	Pages = {29--45},
	Publisher = {Ablex Publications},
	Title = {The Evidential System of Kashaya},
	Year = {1986}}

@incollection{Norcliffe2018,
	Address = {Amsterdam, Philadelphia},
	Author = {Norcliffe, Elisabeth},
	Booktitle = {Egophoricity},
	Date-Added = {2019-08-06 13:46:33 +0200},
	Date-Modified = {2019-08-06 13:48:45 +0200},
	Editor = {Simeon Floyd and Elisabeth Norcliffe and Lila San Roque},
	Pages = {305--345},
	Publisher = {John Benjamins},
	Title = {Egophoricity and evidentiality in Guambiano (Namtrik)},
	Year = {2018}}

@book{Levinson2000,
	Address = {Cambridge},
	Author = {Levinson, Stephen C.},
	Date-Added = {2019-08-06 13:45:48 +0200},
	Date-Modified = {2019-08-06 13:46:17 +0200},
	Publisher = {MIT Press},
	Title = {Presumptive meaning: the theory of generalized conversational implicature},
	Year = {2000}}

@book{Huber2005,
	Address = {Bonn},
	Author = {Huber, Brigitte},
	Date-Added = {2019-08-06 13:44:57 +0200},
	Date-Modified = {2019-08-06 13:45:31 +0200},
	Publisher = {VGH Wissen-schaftsverlag},
	Title = {The Tibetan dialect of Lende: a grammatical description with historical annotations (Beitr{\"a}ge zur tibetischen Erz{\"a}hlforschung 15)},
	Year = {2005}}

@incollection{HillGawne2017,
	Address = {Berlin},
	Author = {Hill, Nathan W. and Lauren Gawne},
	Booktitle = {Evidential systems of Tibetan language},
	Date-Added = {2019-08-06 13:43:12 +0200},
	Date-Modified = {2019-08-06 13:44:40 +0200},
	Editor = {Gawne Lauren and Nathan W. Hill},
	Pages = {1--38},
	Publisher = {De Gruyter},
	Title = {The contribution of Tibetan languages to the study of evidentiality},
	Year = {2017}}

@article{Hengeveld2015,
	Author = {Hengeveld, Kees and {Marize Mattos Dall'Aglio} Hattnher},
	Date-Added = {2019-08-06 13:41:04 +0200},
	Date-Modified = {2019-10-06 10:58:14 +0200},
	Journal = {Linguistics},
	Number = {3},
	Pages = {479--524},
	Title = {Four types of evidentiality in the native languages of Brazil},
	Volume = {53},
	Year = {2015}}

@article{Hein2001,
	Author = {Hein, Veronika.},
	Date-Added = {2019-08-06 13:36:45 +0200},
	Date-Modified = {2019-08-06 13:40:45 +0200},
	Journal = {Linguistics of the Tibeto-Burman Area},
	Number = {1},
	Pages = {35--48},
	Title = {The role of the speaker in the verbal system of the Tibetan dialect of Tabo / Spiti},
	Volume = {24},
	Year = {2001}}

@book{Haller2004,
	Address = {Bonn},
	Author = {Haller, Felix},
	Date-Added = {2019-08-06 13:35:58 +0200},
	Date-Modified = {2019-08-06 13:36:34 +0200},
	Publisher = {VGH Wissenschaftsverlag},
	Title = {Dialekt und Erz{\"a}hlungen von Themchen: sprachwissenschaftliche Beschreibung eines Nomadendialekts aus Nord-Amdo (Beitr{\"a}ge zur tibetischen Erz{\"a}hlforschung 14)},
	Year = {2004}}

@book{Haller2000,
	Address = {Bonn},
	Author = {Haller, Felix},
	Date-Added = {2019-08-06 13:34:12 +0200},
	Date-Modified = {2019-08-18 15:18:07 +0200},
	Publisher = {VGH Wissenschaftsverlag},
	Title = {Dialekt und Erz{\"a}hlungen von Shigatse (Beitr{\"a}ge zur tibetischen Erz{\"a}hlforschung 13)},
	Year = {2000}}

@book{HaleShrestha2006,
	Address = {Munich},
	Author = {Hale, Austin and Ked{\=a}r P. Shrestha},
	Date-Added = {2019-08-06 13:28:09 +0200},
	Date-Modified = {2019-08-06 13:29:00 +0200},
	Publisher = {Lincom},
	Title = {New{\=a}r (Nep{\=a}l Bh{\=a}s{\=a})},
	Year = {2006}}

@misc{GonzalesBruil2016,
	Author = {Gonzales, Geny and Martine Bruil},
	Date-Added = {2019-08-06 13:27:02 +0200},
	Date-Modified = {2019-08-06 13:27:53 +0200},
	Howpublished = {Paper presented at the Symposium on evidentiality, egophoricity, and engagement: descriptive and typological perspectives, Stockholm, 17--18 March},
	Title = {On the existence of egophoricity in Nam Trik},
	Year = {2016}}

@incollection{Floyd2018,
	Address = {Amsterdam, Philadelphia},
	Author = {Floyd, Simeon},
	Booktitle = {Egophoricity},
	Date-Added = {2019-08-06 13:25:29 +0200},
	Date-Modified = {2019-08-06 13:26:44 +0200},
	Editor = {Simeon Floyd and Elisabeth Norcliffe and Lila San Roque},
	Pages = {269--304},
	Publisher = {John Benjamins},
	Title = {Egophoricity and argument structure in Cha'palaa},
	Year = {2018}}

@misc{Dickinson2016,
	Author = {Dickinson, Connie},
	Date-Added = {2019-08-06 13:23:56 +0200},
	Date-Modified = {2019-08-06 13:25:07 +0200},
	Howpublished = {Paper presented at the Symposium on evidentiality, egophoricity, and engagement: descriptive and typological perspectives, Stockholm, 17--18 MarchPaper presented at the Symposium on evidentiality, egophoricity, and engagement: descriptive and typological perspectives, Stockholm, 17--18 March},
	Title = {Egophoricity and the coding of territory of information in Tsafiki},
	Year = {2016}}

@article{DeLancey1990,
	Author = {DeLancey, Scott},
	Date-Added = {2019-08-06 13:21:52 +0200},
	Date-Modified = {2019-08-06 13:22:23 +0200},
	Journal = {Cognitive Linguistics},
	Number = {3},
	Pages = {289--321},
	Title = {Ergativity and the cognitive model of event structure in Lhasa Tibetan},
	Volume = {1},
	Year = {1990}}

@article{Dahl2000,
	Author = {Dahl, {\"O}sten},
	Date-Added = {2019-08-06 13:20:58 +0200},
	Date-Modified = {2019-08-06 13:21:38 +0200},
	Journal = {Functions of Language},
	Number = {1},
	Pages = {37--77},
	Title = {Egophoricity in discourse and syntax},
	Volume = {7},
	Year = {2000}}

@phdthesis{Curnow1997,
	Address = {Canberra},
	Author = {Curnow, Timothy J.},
	Date-Added = {2019-08-06 13:19:46 +0200},
	Date-Modified = {2019-08-06 13:20:35 +0200},
	School = {Australian National University},
	Title = {A grammar of Awa Pit (Cuaiquer): an indigenious language auf south-western Colombia},
	Year = {1997}}

@inproceedings{Creissels2008b,
	Author = {Creissels, Denis},
	Booktitle = {Paper presented at the conference Syntax of the World's Languages III, Free University of Berlin, September 25--28},
	Date-Added = {2019-08-06 13:16:17 +0200},
	Date-Modified = {2019-08-06 13:19:31 +0200},
	Note = {\url{http://www.deniscreissels.fr/public/Creissels-conj.disj.pdf}, 2016-10-10},
	Title = {Remarks on so-called ``egophoric/allophoric'' systems},
	Year = {2008}}

@inproceedings{Bickel2008,
	Address = {Halle},
	Author = {Bickel, Balthasar},
	Booktitle = {Chomolongma, Demawend und Kasbek: Festschrift f{\"u}r Roland Bielmeier zu seinem 65. Geburtstag},
	Date-Added = {2019-08-06 13:14:45 +0200},
	Date-Modified = {2019-08-06 13:16:00 +0200},
	Editor = {Brigitte Huber and Marianne Volkart and Paul Widmer},
	Pages = {1--14},
	Publisher = {International Institute for Tibetan and Buddhist Studies},
	Title = {Verb agreement and epistemic marking: a typological journey from the Himalayas to the Caucasus},
	Year = {2008}}

@inproceedings{BickelNichols2007,
	Address = {Cambridge},
	Author = {Bickel, Balthasar and Johanna Nichols},
	Booktitle = {Language typology and syntactic description, vol. III: Grammatical categories and the lexicon, 2nd edn},
	Date-Added = {2019-08-06 13:13:05 +0200},
	Date-Modified = {2019-08-06 13:14:28 +0200},
	Editor = {Shopen, Timothy},
	Pages = {169--240},
	Publisher = {Cambridge University Press},
	Title = {Inflectional morphology},
	Year = {2007}}

@article{Bergqvist2016,
	Author = {Bergqvist, Henrik},
	Date-Added = {2019-08-06 13:10:48 +0200},
	Date-Modified = {2019-08-06 13:12:51 +0200},
	Journal = {International Journal of American Linguistis},
	Number = {1},
	Pages = {1--34},
	Title = {Complex epistemic perspective in Kogi (Arwako)},
	Volume = {82},
	Year = {2016}}

@article{Verstraete2005,
	Author = {Verstraete, Jean-Christophe},
	Date-Added = {2019-08-06 13:08:35 +0200},
	Date-Modified = {2019-08-06 13:09:46 +0200},
	Journal = {Journal of Pragmatics},
	Pages = {1401-1418},
	Title = {Scalar quantity implicatures and the interpretation of modality: Problems in the deontic domain},
	Volume = {37},
	Year = {2005}}

@article{Verstraete2001,
	Author = {Verstraete, Jean-Christophe},
	Date-Added = {2019-08-06 13:07:32 +0200},
	Date-Modified = {2019-08-06 13:08:15 +0200},
	Journal = {Journal of Pragmatics},
	Pages = {1505--1528},
	Title = {Subjective and objective modality: Interpersonal and ideational functions in the English modal auxiliary system},
	Volume = {33},
	Year = {2001}}

@article{Tomasello2005,
	Author = {Tomasello, Michael and Carpenter, Malinda and Call, Josep and Behne, Tanya and Moll, Henrike},
	Date-Added = {2019-08-06 13:05:51 +0200},
	Date-Modified = {2019-08-06 13:07:14 +0200},
	Journal = {Behavioral and Brain Sciences},
	Pages = {675--735},
	Title = {Understanding and sharing intentions: the origins of cultural cognition},
	Volume = {28},
	Year = {2005}}

@phdthesis{Tomasello1999,
	Author = {Tomasello, Michael},
	Date-Added = {2019-08-06 12:55:05 +0200},
	Date-Modified = {2019-08-06 13:05:01 +0200},
	School = {Harvard University Press},
	Title = {The cultural origins of human cognition},
	Year = {1999}}

@book{Tedlock1983,
	Address = {Philadelphia},
	Author = {Tedlock, Dennis},
	Date-Added = {2019-08-06 12:54:18 +0200},
	Date-Modified = {2019-08-06 12:54:55 +0200},
	Publisher = {University of Pennsylvania Press},
	Title = {The spoken word and the work of interpretation},
	Year = {1983}}

@article{Silverstein2004,
	Author = {Silverstein, Michael},
	Date-Added = {2019-08-06 12:53:16 +0200},
	Date-Modified = {2019-08-06 12:54:03 +0200},
	Journal = {Current Anthropology},
	Pages = {621--652},
	Title = {``Cultural'' concepts and the language-culture nexus},
	Volume = {45},
	Year = {2004}}

@book{Schieffelin1990,
	Address = {Cambridge},
	Author = {Schieffelin. Bambi B.},
	Date-Added = {2019-08-06 12:52:27 +0200},
	Date-Modified = {2019-08-06 12:53:03 +0200},
	Publisher = {Cambridge University Press},
	Title = {The give and take of everyday life: Language socialization of Kaluli children},
	Year = {1990}}

@incollection{SanRoqueSchieffelin2018,
	Address = {Amsterdam},
	Author = {San Roque, Lila and Schieffelin, Bambi B.},
	Booktitle = {Egophoricity},
	Date-Added = {2019-08-06 12:49:06 +0200},
	Date-Modified = {2019-08-06 12:52:08 +0200},
	Editor = {Floyd, Simeon and Norcliffe, Elisabeth and San Roque, Lila},
	Pages = {437--471},
	Publisher = {John Benjamins},
	Title = {Learning how to know: Egophoricity and the grammar of Kaluli (Bosavi, Trans New Guinea), with special reference to child language},
	Year = {2018}}

@article{SanRoque2015,
	Author = {San Roque, Lila and Floyd, Simeon and Norcliffe, Elisabeth},
	Date-Added = {2019-08-06 12:45:58 +0200},
	Date-Modified = {2019-08-06 12:48:53 +0200},
	Journal = {Lingua},
	Note = {\url{http://dx.doi.org/10.1016/j.lingua.2014.11.003}},
	Pages = {120--143},
	Title = {Evidentiality and interrogativity},
	Volume = {186},
	Year = {2015}}

@incollection{Rumsey2014,
	Address = {Cambridge},
	Author = {Rumsey, Alan},
	Booktitle = {The Cambridge Handbook of Linguistic Anthropology},
	Date-Added = {2019-08-06 11:11:42 +0200},
	Date-Modified = {2019-08-06 11:12:40 +0200},
	Editor = {Enfield, Nicholas James and Kockelman, Paul and Sidnell, Jack},
	Pages = {391--410},
	Publisher = {Cambridge University Press},
	Title = {Language and human sociality},
	Year = {2014}}

@incollection{Rumsey2002,
	Address = {Amsterdam},
	Author = {Rumsey, Alan},
	Booktitle = {The Linguistics of Standing, Sitting and Lying},
	Date-Added = {2019-08-06 11:09:30 +0200},
	Date-Modified = {2019-08-06 11:10:45 +0200},
	Editor = {Newman, John},
	Pages = {179--211},
	Publisher = {John Benjamins Publishing Company},
	Title = {Men stand, women sit: On the grammaticalization of posture verbs in Papuan Languages, its bodily basis and cultural correlates},
	Year = {2002}}

@article{Renzi1968,
	Author = {Renzi, Lorenzo},
	Date-Added = {2019-08-06 11:05:19 +0200},
	Date-Modified = {2019-08-06 11:06:03 +0200},
	Journal = {Cultura Neolatine},
	Pages = {89--99},
	Title = {Mam{\u a}, Pap{\u a} nene, etc: Il sistema delle allocutione inverse in rumenoMam{\u a}, Pap{\u a} nene, etc: Il sistema delle allocutione inverse in rumeno},
	Volume = {28},
	Year = {1968}}

@incollection{Nuyts2006a,
	Address = {Berlin},
	Author = {Nuyts, Jan},
	Booktitle = {The Expression of Modality},
	Date-Added = {2019-08-06 11:03:10 +0200},
	Date-Modified = {2019-08-06 11:04:21 +0200},
	Editor = {Frawley, William},
	Pages = {1--26},
	Publisher = {De Gruyter Mouton},
	Title = {Modality: Overview and linguistic issues},
	Year = {2006}}

@incollection{Nuyts2005,
	Address = {London},
	Author = {Nuyts, Jan},
	Booktitle = {Modality: Studies in form and function},
	Date-Added = {2019-08-06 11:01:45 +0200},
	Date-Modified = {2019-08-06 11:02:48 +0200},
	Editor = {Klinge, Alex and M{\"u}ller, Henrik H.},
	Pages = {5--38},
	Publisher = {Equinox},
	Title = {The modal confusion: On terminology and the concepts behind it},
	Year = {2005}}

@incollection{Moore2012,
	Address = {Malden, MA},
	Author = {Moore, Lesley},
	Booktitle = {The handbook of language socialization},
	Date-Added = {2019-08-06 10:59:42 +0200},
	Date-Modified = {2019-08-06 11:01:10 +0200},
	Editor = {Duranti, Alessandro and Ochs, Elinor and Schieffelin, Bambi B.},
	Pages = {209--226},
	Publisher = {Wiley Blackwell},
	Title = {Language socialization and repetition},
	Year = {2012}}

@book{MerlanRumsey1991,
	Address = {Cambridge},
	Author = {Merlan, Francesca and Rumsey, Alan},
	Date-Added = {2019-08-06 10:58:45 +0200},
	Date-Modified = {2019-08-06 10:59:28 +0200},
	Publisher = {Cambridge University Press},
	Title = {Ku Waru: Language and segmentary politics in the Western Nebilyer Valley},
	Year = {1991}}

@article{MerlanRumsey1986,
	Author = {Merlan, Francesca and Rumsey, Alan},
	Date-Added = {2019-08-06 10:56:04 +0200},
	Date-Modified = {2019-08-06 10:57:52 +0200},
	Journal = {Studies in New Guinea linguistics},
	Pages = {69-180},
	Title = {A marriage dispute in the Nebilyer Valley, Western Highlands Province, Papua New Guinea},
	Volume = {25},
	Year = {1986}}

@conference{MerlanJeffrey1982,
	Address = {Sydney},
	Author = {Merlan, Francesca and Heath, Jeffrey},
	Booktitle = {The languages of kinship in Aboriginal Australia},
	Date-Added = {2019-08-06 10:54:40 +0200},
	Date-Modified = {2019-08-06 10:55:48 +0200},
	Editor = {Heath, Jeffrey and Merlan, Francesca and Rumsey, Alan},
	Pages = {107-124},
	Publisher = {Oceania Publication, University of Sydney},
	Title = {Dyadic kin terms},
	Year = {1982}}

@conference{Merlan1982,
	Address = {Sydney},
	Author = {Merlan, Francesca},
	Booktitle = {The languages of kinship in Aboriginal Australia},
	Date-Added = {2019-08-06 10:52:43 +0200},
	Date-Modified = {2019-08-06 10:53:58 +0200},
	Editor = {Heath, Jeffrey and Merlan, Francesca and Rumsey, Alan},
	Pages = {125--140},
	Publisher = {Oceania Publications, University of Sydney},
	Title = {'Egocentric' and 'altercentric' usage of kin terms in Mangarayi},
	Year = {1982}}

@conference{Lehmann2012,
	Author = {Lehmann, Christian},
	Booktitle = {International Conference on Discourse and Grammar, Ghent University College, May 23-24, 2008},
	Date-Added = {2019-08-06 10:49:42 +0200},
	Date-Modified = {2019-08-06 10:52:17 +0200},
	Publisher = {Unpublished paper available online at \url{http://www.christianlehmann.eu/publ/lehmann_modality.pdf}},
	Title = {Speech-act participants in modality},
	Year = {2012}}

@incollection{Landaburu2007,
	Address = {Leuven},
	Author = {Landaburu, Jon},
	Booktitle = {L'{\'e}nonciation m{\'e}diatis{\'e}e II: Le traitement {\'e}pist{\'e}mologique de l'information: illustrations Am{\'e}rindiennes et Caucasiennes},
	Date-Added = {2019-08-06 10:46:47 +0200},
	Date-Modified = {2019-08-06 10:47:59 +0200},
	Editor = {Guentch{\'e}va, Zlatka and Landaburu, Jon},
	Pages = {23--47},
	Publisher = {Peeters},
	Title = {La modalisation du savoir en langue Andoke (Amazonie Colombienne)},
	Year = {2007}}

@inproceedings{Landaburu2005,
	Author = {Landaburu, Jon},
	Booktitle = {Proceedings of the Conference on Indigenous Languages of Latin American II, University of Texas at Austin, 27th-29th October 2005},
	Date-Added = {2019-08-03 09:23:15 +0200},
	Date-Modified = {2019-08-03 09:24:46 +0200},
	Note = {\url{http://www.ailla.utexas.org/site/cilla2_toc.html}},
	Title = {Expresi{\'o}n gramatical de lo epistemico en algunas lenguas del norte de Suramerica},
	Year = {2005}}

@incollection{Jakobson1960,
	Address = {Cambridge, MA},
	Author = {Jakobson, Roman},
	Booktitle = {Style in Language},
	Date-Added = {2019-08-03 09:21:59 +0200},
	Date-Modified = {2019-08-03 09:23:05 +0200},
	Editor = {Thomas Sebeok},
	Pages = {350--77},
	Publisher = {MIT Press},
	Title = {Closing statement: Linguistics and poetics},
	Year = {1960}}

@article{Kroeber1909,
	Author = {Kroeber, Alfred},
	Date-Added = {2019-08-03 09:21:10 +0200},
	Date-Modified = {2019-08-03 09:21:46 +0200},
	Journal = {Journal of the Royal Anthropological Institute},
	Pages = {77--84},
	Title = {Classificatory systems of relationship},
	Volume = {39},
	Year = {1909}}

@book{Hobson2004,
	Address = {Oxford},
	Author = {Hobson, Peter},
	Date-Added = {2019-08-03 09:20:26 +0200},
	Date-Modified = {2019-08-03 09:20:58 +0200},
	Publisher = {Oxford University Press},
	Title = {The cradle of thought: Exploring the origins of thinking},
	Year = {2004}}

@incollection{Heltoft2005,
	Address = {London},
	Author = {Heltoft, Lars},
	Booktitle = {Modality: Studies in form and function},
	Date-Added = {2019-08-03 09:19:18 +0200},
	Date-Modified = {2019-08-03 09:20:14 +0200},
	Editor = {Klinge, Alex and M{\"u}ller, Henrik H.},
	Pages = {81--101},
	Publisher = {Equinox},
	Title = {Modality and subjectivity},
	Year = {2005}}

@incollection{Heine1995,
	Address = {Amsterdam},
	Author = {Heine, Bernd},
	Booktitle = {Modality in grammar and discourse},
	Date-Added = {2019-08-03 09:17:19 +0200},
	Date-Modified = {2019-08-03 09:18:27 +0200},
	Editor = {Bybee, Joan L. and Fleischman, Suzanne},
	Pages = {17--53},
	Publisher = {John Benjamins Publishing Company},
	Series = {Typological Studies in Language, 32},
	Title = {Agent-oriented vs epistemic modality},
	Year = {1995}}

@article{Hargreaves1991article,
	Author = {Hargreaves, David},
	Date-Added = {2019-08-03 09:13:43 +0200},
	Date-Modified = {2019-08-03 09:15:06 +0200},
	Journal = {Proceedings of the Annual Meeting of the Berkeley Linguistics Society},
	Pages = {379--389},
	Title = {The conceptual structure of intentional action: Data from Kathmandu Newari},
	Volume = {17},
	Year = {1991}}

@article{Halliday1970,
	Author = {Halliday, Michael Alexander Kirkwood},
	Date-Added = {2019-08-03 09:12:18 +0200},
	Date-Modified = {2019-08-03 09:13:13 +0200},
	Journal = {Foundations of Language},
	Pages = {322--361},
	Title = {Functional diversity in language as seen from a consideration of modality and mood in English},
	Volume = {6},
	Year = {1970}}

@article{Hagege1974,
	Author = {Hag{\`e}ge, Claude},
	Date-Added = {2019-08-03 09:08:55 +0200},
	Date-Modified = {2019-08-03 09:09:39 +0200},
	Journal = {Bulletin de la Soci{\'e}t{\'e} de Linguistique de Paris},
	Pages = {287--310},
	Title = {Les pronoms logophoriques},
	Volume = {69},
	Year = {1974}}

@article{Francois2004,
	Author = {Fran{\c c}ois, Alexandre},
	Date-Added = {2019-08-03 09:07:51 +0200},
	Date-Modified = {2019-08-03 09:08:43 +0200},
	Journal = {Linguistic Typology},
	Pages = {115--146},
	Title = {A typological overview of Mwotlap},
	Volume = {9},
	Year = {2004}}

@book{Francois2003,
	Address = {Leuven-Paris},
	Author = {Fran{\c c}ois, Alexandre},
	Date-Added = {2019-08-03 09:06:36 +0200},
	Date-Modified = {2019-08-03 09:07:26 +0200},
	Publisher = {Peeters},
	Series = {Collection linguistique de la Soci{\'e}t{\'e} de Linguistique de Paris},
	Title = {La s{\'e}mantique du pr{\'e}dicat en Mwotlap, Vanuatu},
	Year = {2003}}

@book{Fox2014,
	Address = {Canberra},
	Author = {Fox, James J.},
	Date-Added = {2019-08-03 09:05:43 +0200},
	Date-Modified = {2019-08-03 09:06:21 +0200},
	Publisher = {Australian National University Press},
	Title = {Explorations in semantic parallelism},
	Year = {2014}}

@article{Evansetal2018,
	Author = {Evans Nicholas and Henrik Bergqvist and Lila San Roque},
	Date-Added = {2019-08-03 09:04:37 +0200},
	Date-Modified = {2019-08-03 09:05:31 +0200},
	Journal = {Language and Cognition},
	Pages = {110--140},
	Title = {The grammar of engagement I: framework and initial exemplification},
	Volume = {10},
	Year = {2018}}

@article{Evans2006b,
	Author = {Evans, Nicholas},
	Date-Added = {2019-08-03 09:03:07 +0200},
	Date-Modified = {2019-08-03 09:04:03 +0200},
	Journal = {Proceedings of the Annual Meeting of the Berkeley Linguistics Society},
	Pages = {93--120},
	Title = {View with a view: Towards a typology of multiple perspective},
	Volume = {31},
	Year = {2006}}

@incollection{Evans2006a,
	Address = {Boston},
	Author = {Evans, Nicholas},
	Booktitle = {Encyclopaedia of language and linguistics},
	Date-Added = {2019-08-03 08:57:36 +0200},
	Date-Modified = {2019-08-03 09:03:04 +0200},
	Edition = {2nd},
	Editor = {Keith Brown},
	Pages = {24--28},
	Publisher = {Elsevier},
	Title = {Dyadic constructions},
	Year = {2006}}

@book{Elian2005,
	Address = {Oxford},
	Author = {Elian, Naomi and Hoerl, Christoph and McCormack, Teresa and Roessler, Johannes},
	Date-Added = {2019-08-03 08:55:23 +0200},
	Date-Modified = {2019-08-03 08:56:33 +0200},
	Publisher = {Oxford University Press},
	Title = {Joint attention: communication and other minds},
	Year = {2005}}

@article{DuBoisGloria2014,
	Author = {DuBois, John W. and Gloria, Rachel},
	Date-Added = {2019-08-03 08:54:17 +0200},
	Date-Modified = {2019-08-03 08:55:02 +0200},
	Journal = {Cognitive Linguistics},
	Pages = {351--357},
	Title = {From cognitive-functional linguistics to dialogic syntax},
	Volume = {25},
	Year = {2014}}

@article{DuBois2014,
	Author = {DuBois, John W.},
	Date-Added = {2019-08-03 08:53:24 +0200},
	Date-Modified = {2019-08-03 08:54:03 +0200},
	Journal = {Cognitive Linguistics},
	Pages = {359--410},
	Title = {Towards a dialogic syntax},
	Volume = {25},
	Year = {2014}}

@incollection{Demuth1986,
	Address = {Cambridge},
	Author = {Demuth, Kathryn},
	Booktitle = {Language socialization across cultures},
	Date-Added = {2019-08-03 08:51:52 +0200},
	Date-Modified = {2019-08-03 08:53:08 +0200},
	Editor = {Schieffelin, Bambi B. and Ochs, Elinor},
	Pages = {51--79},
	Publisher = {Cambridge University Press},
	Series = {Social and cultural foundations of language series},
	Title = {Prompting routines in the language socialization of Basotho children},
	Year = {1986}}

@article{Dahl2008,
	Author = {Dahl, {\"O}sten},
	Date-Added = {2019-08-03 08:48:14 +0200},
	Date-Modified = {2019-08-15 09:51:51 +0200},
	Journal = {Lingua},
	Pages = {141--150},
	Title = {Animacy and egophoricity: Grammar, ontology and phylogeny},
	Volume = {118},
	Year = {2008}}

@incollection{DahlK-T2001,
	Address = {Amsterdam},
	Author = {Dahl, {\"O}sten and Koptjevskaja-Tamm, Maria},
	Booktitle = {Dimensions of possession},
	Date-Added = {2019-08-03 08:48:14 +0200},
	Date-Modified = {2019-08-03 08:51:33 +0200},
	Editor = {Baron, Ir{\`e}ne and Herslund, Michael and S{\o}rensen, Finn},
	Pages = {201--226},
	Publisher = {Benjamins},
	Title = {Kinship in grammar},
	Year = {2001}}

@article{Dahl2001,
	Author = {Dahl, {\"O}sten},
	Date-Added = {2019-08-03 08:47:09 +0200},
	Date-Modified = {2019-08-15 09:51:59 +0200},
	Journal = {Functions of Language},
	Pages = {37--77},
	Title = {Egophoricity in discourse and syntax},
	Volume = {7},
	Year = {2001}}

@book{Buhler1990,
	Address = {Amsterdam},
	Author = {B{\"u}hler, Karl},
	Date-Added = {2019-08-03 08:39:13 +0200},
	Date-Modified = {2019-08-03 08:40:28 +0200},
	Publisher = {John Benjamins Publishing Company},
	Title = {Theory of language},
	Year = {1990 [1934]}}

@book{Braun1988,
	Address = {Berlin},
	Author = {Braun, Friedericke},
	Date-Added = {2019-08-03 08:38:16 +0200},
	Date-Modified = {2019-08-03 08:38:58 +0200},
	Publisher = {Mouton de Gruyter},
	Title = {Terms of address},
	Year = {1988}}

@article{BeyerKostov1978,
	Author = {Beyer, Artur and Kiril Kostov},
	Date-Added = {2019-08-03 08:34:54 +0200},
	Date-Modified = {2019-08-03 08:37:55 +0200},
	Pages = {41--53},
	Publisher = {Balkansko Ezikoznanie},
	Title = {Umgekehrte Anrede in Bulgarischen und Rum{\"a}nischen?},
	Volume = {21},
	Year = {1978}}

@book{Agha2006,
	Address = {Cambridge},
	Author = {Agha, Asif},
	Date-Added = {2019-08-03 08:32:34 +0200},
	Date-Modified = {2019-08-03 08:33:14 +0200},
	Publisher = {Cambridge University Press},
	Title = {Language and social relations},
	Year = {2006}}

@book{Wijesundera1988,
	Author = {Wijesundera, S and Wijayawardhana, GD and Disanayaka, JB and Maniku, HA and Luthufee, M},
	Date-Added = {2019-08-02 18:14:09 +0200},
	Date-Modified = {2019-08-09 09:28:02 +0200},
	Publisher = {University of Colombo},
	Title = {Historical and linguistic survey of Dhivehi: Final report},
	Year = {1988}}

@article{WidmerZemp2017,
	Author = {Widmer, Manuel and Marius Zemp},
	Date-Added = {2019-08-02 18:11:41 +0200},
	Date-Modified = {2019-08-02 18:13:56 +0200},
	Journal = {Studies in Language},
	Number = {1},
	Pages = {33--75},
	Title = {The epistemization of person markers in reported speech},
	Volume = {41},
	Year = {2017}}

@incollection{Widmer2015,
	Address = {Berlin},
	Author = {Widmer, Manuel},
	Booktitle = {Agreement from a diachronic perspective},
	Date-Added = {2019-08-02 18:09:30 +0200},
	Date-Modified = {2019-08-02 18:11:14 +0200},
	Editor = {J{\"u}rg Fleischer and Elisabeth Rieken and Paul Widmer},
	Pages = {53--73},
	Publisher = {Walter de Gruyter},
	Series = {Trends in Linguistics. Studies and Monographs [TiLSM]},
	Title = {The transformation of verb agreement into epistemic marking: evidence from Tibeto-Burman},
	Volume = {287},
	Year = {2015}}

@phdthesis{Widmer2014,
	Author = {Widmer, Manuel},
	Date-Added = {2019-08-02 18:08:25 +0200},
	Date-Modified = {2019-08-02 18:09:16 +0200},
	School = {University of Bern},
	Title = {A descriptive grammar of Bunan},
	Year = {2014}}

@book{TournadreDorje2003,
	Address = {Ithaca},
	Author = {Tournadre, Nicholas and Sanje Dorje},
	Date-Added = {2019-08-02 18:06:48 +0200},
	Date-Modified = {2019-08-02 18:07:38 +0200},
	Publisher = {Snow Lion Publications},
	Title = {Manual of Standard Tibetan: language and civilization},
	Year = {2003}}

@article{Tournadre1994,
	Author = {Tournadre, Nicholas},
	Date-Added = {2019-08-02 18:05:45 +0200},
	Date-Modified = {2019-08-02 18:06:32 +0200},
	Journal = {Faits de langues},
	Number = {3},
	Pages = {149--158},
	Title = {Personne et m{\'e}diatifs en tib{\'e}tain},
	Volume = {2},
	Year = {1994}}

@inproceedings{Tournadre1992,
	Address = {Paris},
	Author = {Tournadre, Nicholas},
	Booktitle = {La Deixis: colloque en Sorbonne, 8-9 juin 1990},
	Date-Added = {2019-08-02 18:03:44 +0200},
	Date-Modified = {2019-08-02 18:05:31 +0200},
	Editor = {M. A. Morel and Laurent Danon-Boileau},
	Pages = {197--208},
	Publisher = {Presses universitaires de France},
	Title = {La d{\'e}ixis en tib{\'e}tainâ¯: quelques faits remarquables},
	Year = {1992}}

@book{Slater2003,
	Address = {London and New York},
	Author = {Slater, Keith W.},
	Date-Added = {2019-08-02 18:02:22 +0200},
	Date-Modified = {2019-08-02 18:03:14 +0200},
	Publisher = {RoutledgeCurzon},
	Title = {A grammar of Mangghuer: a Mongolic language of China's Qinghai- Gansu sprachbund},
	Year = {2003}}

@article{Schottelndreyer1980,
	Author = {Sch{\"o}ttelndreyer, Burkhard},
	Date-Added = {2019-08-02 18:00:57 +0200},
	Date-Modified = {2019-08-02 18:02:00 +0200},
	Journal = {Pacific Linguistics A},
	Pages = {125--130},
	Title = {Persons markers in Sherpa},
	Volume = {53},
	Year = {1980}}

@book{Saudiq2012,
	Address = {Mal{\'e}, Maldives},
	Author = {Saudiq, Abdullah},
	Date-Added = {2019-08-02 17:59:54 +0200},
	Date-Modified = {2019-08-02 18:00:43 +0200},
	Publisher = {Dhivehi Bahuge Ekedamee [Academy of the Dhivehi Language]},
	Title = {Bahuge hamaige aiymathee foiy [Handbook of rules of language]},
	Year = {2012}}

@phdthesis{Sandman2016,
	Author = {Sandman, Erika},
	Date-Added = {2019-08-02 17:59:08 +0200},
	Date-Modified = {2019-08-02 17:59:40 +0200},
	School = {University of Helsinki},
	Title = {A grammar of Wutun},
	Year = {2016}}

@incollection{SanRoque2018,
	Address = {Amsterdam},
	Author = {{San Roque}, Lila and Simeon Floyd and Elisabeth Norcliffe},
	Booktitle = {Egophoricity},
	Date-Added = {2019-08-02 17:55:10 +0200},
	Date-Modified = {2019-08-08 13:06:41 +0200},
	Editor = {Simeon Floyd and Elisabeth Norcliffe and Lila San Roque},
	Pages = {1--78},
	Publisher = {John Benjamins},
	Title = {Egophoricity: An introduction},
	Year = {2018}}

@book{Reynolds2003,
	Address = {London},
	Author = {Reynolds, Christopher},
	Date-Added = {2019-08-02 17:53:43 +0200},
	Date-Modified = {2019-08-02 18:03:23 +0200},
	Publisher = {RoutledgeCurzon},
	Title = {A Maldivian Dictionary},
	Year = {2003}}

@book{Pyrard1619,
	Address = {Paris},
	Author = {Pyrard, Fran{\c c}ois},
	Date-Added = {2019-08-02 17:52:30 +0200},
	Date-Modified = {2019-08-02 17:53:30 +0200},
	Edition = {3rd},
	Publisher = {Samuel Thibovst and Remy Dallin},
	Title = {Voyage de Fran{\c c}ois Pyrard of Laual contenant sa navigation aux Indes Orientales, Maldiues, Moluques, Bresil...avec la description des pays...},
	Year = {1619}}

@incollection{Post2013,
	Address = {Amsterdam},
	Author = {Post, Mark W.},
	Booktitle = {Typological Studies in Language},
	Date-Added = {2019-08-02 17:50:25 +0200},
	Date-Modified = {2019-08-06 14:14:29 +0200},
	Editor = {Tim Thornes and Erik Andvik and Gwendolyn Hyslop and Joana Jansen},
	Pages = {107--130},
	Publisher = {John Benjamins},
	Title = {Person-sensitive TAME marking in Galo: Historical origins and functional motivation},
	Volume = {103},
	Year = {2013}}

@article{Palmer2017Typ,
	Author = {Palmer, Bill and Jonathon Lum and Jonathan Schlossberg and Alice Gaby},
	Date-Added = {2019-08-02 17:47:44 +0200},
	Date-Modified = {2019-08-07 16:37:04 +0200},
	Journal = {Linguistic Typology},
	Number = {3},
	Title = {How does the environment shape spatial language? Evidence for Sociotopography},
	Volume = {21},
	Year = {2017}}

@incollection{Palmer2017SIP,
	Author = {Palmer, Bill and Alice Gaby and Jonathon Lum and Jonathan Schlossberg},
	Booktitle = {Proceedings of Workshops and Posters at the 13th International Conference on Spatial Information Theory (COSIT 2017)},
	Date-Added = {2019-08-02 17:43:51 +0200},
	Date-Modified = {2019-08-02 17:47:39 +0200},
	Editor = {Paolo Fogliaronia and Andrea Ballatore and Elisio Clementini},
	Publisher = {Springer International Publishing},
	Title = {Socioculturally mediated responses to environment shaping universals and diversity in spatial language},
	Year = {2017}}

@book{Maumoon2002,
	Address = {Mal{\'e}, Maldives},
	Author = {Maumoon, Yumna},
	Date-Added = {2019-08-02 17:42:42 +0200},
	Date-Modified = {2019-08-02 17:43:20 +0200},
	Publisher = {The National Centre for Linguistic and Historical Research},
	Title = {A general overview of the Dhivehi language},
	Year = {2002}}

@book{Masica1991,
	Address = {Cambridge},
	Author = {Masica, Colin P.},
	Date-Added = {2019-08-02 17:41:11 +0200},
	Date-Modified = {2019-08-02 17:42:02 +0200},
	Publisher = {Cambridge University Press},
	Title = {The Indo-Aryan Languages},
	Year = {1991}}

@phdthesis{Lum2018,
	Address = {Melbourne},
	Author = {Lum, Jonathon},
	Date-Added = {2019-08-02 17:40:01 +0200},
	Date-Modified = {2019-08-02 17:40:49 +0200},
	School = {Monash University},
	Title = {Frames of spatial reference in Dhivehi language and cognition},
	Year = {2018}}

@phdthesis{Loughnane2009,
	Address = {Melbourne},
	Author = {Loughnane, Robyn},
	Date-Added = {2019-08-02 17:38:33 +0200},
	Date-Modified = {2019-08-02 17:39:46 +0200},
	Note = {\url{http://repository.unimelb.edu.au/10187/4788}},
	School = {University of Melbourne},
	Title = {A grammar of Oksapmin},
	Year = {2009}}

@book{Lewis2014,
	Address = {Dallas, Texas},
	Author = {Lewis, M. Paul and Gary F. Simons and Charles D. Fennig},
	Date-Added = {2019-08-02 17:36:20 +0200},
	Date-Modified = {2019-08-02 17:38:03 +0200},
	Edition = {17th},
	Publisher = {SIL International},
	Title = {Ethnologue: Languages of the world},
	Year = {2014}}

@book{Lehmann1989,
	Address = {Pondicherry},
	Author = {Lehmann, Thomas},
	Date-Added = {2019-08-02 17:35:05 +0200},
	Date-Modified = {2019-08-02 17:36:02 +0200},
	Publisher = {Pondicherry Institute of Linguistics and Culture},
	Title = {A Grammar of Modern Tamil},
	Year = {1989}}

@incollection{Kelly2004,
	Author = {Kelly, Barbara F.},
	Booktitle = {Tibeto-Burman languages of Nepal: Manange and Sherpa},
	Date-Added = {2019-08-02 17:32:47 +0200},
	Date-Modified = {2019-08-02 17:34:49 +0200},
	Editor = {C. Genetti},
	Pages = {232--440},
	Title = {A grammar of Sherpa},
	Year = {2004}}

@incollection{Hock2016,
	Address = {Berlin},
	Author = {Hock, Hans Henrich},
	Booktitle = {The languages and linguistics of South Asia},
	Date-Added = {2019-08-02 17:31:01 +0200},
	Date-Modified = {2019-08-09 11:55:45 +0200},
	Editor = {Hock, Hans Henrich and Elena Bashir},
	Pages = {465--500},
	Publisher = {De Gruyter Mouton},
	Series = {The World of Linguistics},
	Title = {Agreement marking},
	Volume = {7},
	Year = {2016}}

@phdthesis{Hargreaves1991,
	Address = {Eugene},
	Author = {Hargreaves, David},
	Date-Added = {2019-08-02 17:28:19 +0200},
	Date-Modified = {2019-08-06 13:37:38 +0200},
	Publisher = {University of Oregon},
	Title = {The concept of intentional action in the grammar of Kathmandu Newari},
	Year = {1991}}

@incollection{HaleWatters1973,
	Address = {Kathmandu},
	Author = {Hale, Austin and {David E.} Watters},
	Booktitle = {Clause, sentence, and discourse patterns in selected languages of Nepal, Part II},
	Date-Added = {2019-08-02 17:24:48 +0200},
	Date-Modified = {2019-08-02 17:27:59 +0200},
	Editor = {Austin Hale and David E. Watters},
	Note = {\url{http://www.sil.org/resources/archives/8939}},
	Pages = {175--249},
	Publisher = {SIL and Tribhuvan University Press},
	Title = {A survey of clause patterns},
	Year = {1973}}

@incollection{Hale1980,
	Address = {Canberra},
	Author = {Hale, Austin},
	Booktitle = {Papers in South-East Asian linguistics},
	Date-Added = {2019-08-02 17:22:19 +0200},
	Date-Modified = {2019-08-09 11:18:50 +0200},
	Editor = {{R. L.} Trail},
	Pages = {95--106},
	Publisher = {Australian National University},
	Title = {Person markers: Finite conjunct and disjunct verb forms in Newari},
	Volume = {7},
	Year = {1980}}

@book{Gnanadesikan2017,
	Author = {Gnanadesikan, Amalia E.},
	Date-Added = {2019-08-02 17:19:01 +0200},
	Date-Modified = {2019-08-02 17:19:57 +0200},
	Editor = {Anne Boyle David},
	Publisher = {De Gruyter Mouton},
	Series = {Mouton-CASL Grammar Series},
	Title = {Dhivehi: The language of the Maldives},
	Volume = {3},
	Year = {2017}}

@book{Geiger1919,
	Address = {Colombo},
	Author = {Geiger, Wilhelm},
	Date-Added = {2019-08-02 17:13:56 +0200},
	Date-Modified = {2019-08-02 17:18:14 +0200},
	Editor = {H.C.P. Bell},
	Publisher = {H. C. Cottle, Governement Printer, Ceylon},
	Series = {Journal of the Ceylon Branch of the Royal Asiatic Society},
	Title = {M{\'a}ldivian linguistic studies},
	Volume = {27},
	Year = {1919}}

@incollection{Gawne2017,
	Address = {Berlin},
	Author = {Gawne, Lauren},
	Booktitle = {Evidential systems of Tibetan languages},
	Date-Added = {2019-07-29 09:39:42 +0200},
	Date-Modified = {2019-07-29 09:40:49 +0200},
	Editor = {Lauren Gawne and Nathan W Hill},
	Pages = {61--94},
	Publisher = {De Gruyter},
	Title = {Egophoric evidentiality in Bodish languages},
	Year = {2017}}

@incollection{Gair1990,
	Address = {Stanford, CA},
	Author = {Gair, James W.},
	Booktitle = {Experiencer subjects in South Asian languages},
	Date-Added = {2019-07-29 09:38:07 +0200},
	Date-Modified = {2019-07-29 09:39:28 +0200},
	Editor = {Manindra K Verma and K.P. Mohanan},
	Pages = {13--42},
	Publisher = {Center for the Study of Language and Information},
	Title = {Subjects, case and INFL in Sinhala},
	Year = {1990}}

@book{Fritz2002,
	Address = {W{\"u}rzburg},
	Author = {Fritz, Sonja},
	Date-Added = {2019-07-29 09:37:21 +0200},
	Date-Modified = {2019-07-29 09:37:56 +0200},
	Publisher = {Ergon Verlag},
	Title = {The Dhivehi language: A descriptive and historical grammar of Maldivian and its dialects},
	Year = {2002}}

@phdthesis{Fried2010,
	Author = {Fried, Robert Wayne},
	Date-Added = {2019-07-29 09:36:09 +0200},
	Date-Modified = {2019-07-29 09:37:07 +0200},
	School = {The University of Buffalo, State University of New York},
	Title = {Grammar of Bao'an Tu, a Mongolic language of Northwest China},
	Year = {2010}}

@book{Floydetal2018,
	Address = {Amsterdam},
	Author = {Floyd, Simeon and Elisabeth Norcliffe and Lila San Roque},
	Date-Added = {2019-07-29 09:34:40 +0200},
	Date-Modified = {2019-07-29 09:35:53 +0200},
	Publisher = {John Benjamins},
	Title = {Egophoricity},
	Year = {2018}}

@incollection{Evans2012,
	Address = {Oxford},
	Author = {Evans, Nicholas},
	Booktitle = {Canonical morphology and syntax},
	Date-Added = {2019-07-29 09:32:48 +0200},
	Date-Modified = {2019-07-29 09:34:24 +0200},
	Editor = {Dunstan Brown and Marina Chumakina and Greville G. Corbett},
	Pages = {66--98},
	Publisher = {Oxford University Press},
	Title = {Some problems in the typology of quotation: a canonical approach},
	Year = {2012}}

@article{Dickinson2000,
	Annote = {doi:10.1075/sl.24.2.06dic},
	Author = {Dickinson, Connie},
	Date-Added = {2019-07-29 09:31:42 +0200},
	Date-Modified = {2019-07-29 09:32:32 +0200},
	Journal = {Studies in Language},
	Number = {2},
	Pages = {379--422},
	Title = {Mirativity in Tsafiki},
	Volume = {24},
	Year = {2000}}

@article{DeLancey1992,
	Author = {DeLancey, Scott},
	Date-Added = {2019-07-29 08:43:23 +0200},
	Date-Modified = {2019-07-29 09:31:09 +0200},
	Journal = {Linguistica Hafniensia},
	Pages = {289--321},
	Title = {The historical origin of the conjunct-disjunct pattern in Tibeto-Burman},
	Volume = {25},
	Year = {1992}}

@article{Curnow2002a,
	Annote = {doi:10.1515/ling.2002.025},
	Author = {Curnow, Timothy Jowan},
	Date-Added = {2019-07-29 08:41:59 +0200},
	Date-Modified = {2019-10-04 13:34:16 +0200},
	Journal = {Linguistics},
	Month = {May},
	Number = {3},
	Pages = {611--627},
	Title = {Conjunct/disjunct marking in Awa Pit},
	Volume = {40},
	Year = {2002}}

@article{Creissels2008,
	Address = {Berlin},
	Author = {Creissels, Denis},
	Date-Added = {2019-07-29 08:38:39 +0200},
	Date-Modified = {2019-07-29 08:41:43 +0200},
	Journal = {Syntax of the World's Languages III},
	Note = {\url{http://www.deniscreissels.fr/public/Creissels-conj.disj.pdf}},
	Title = {Remarks on so-called ``conjunct/disjunct'' systems},
	Year = {2008}}

@book{CainGair2000,
	Address = {Munich},
	Author = {Cain, Bruce D. and {James W.} Gair},
	Date-Added = {2019-07-29 08:37:07 +0200},
	Date-Modified = {2019-07-29 08:38:10 +0200},
	Publisher = {Lincom Europa},
	Title = {Dhivehi (Maldivian)},
	Year = {2000}}

@article{Cain2004,
	Author = {Cain, Bruce D.},
	Date-Added = {2019-07-29 08:36:07 +0200},
	Date-Modified = {2019-08-08 11:11:45 +0200},
	Journal = {Anthropological Linguistics},
	Number = {3},
	Pages = {352--358},
	Title = {Review of The Dhivehi language: A descriptive and historical grammar of Maldivian and its dialects by Sonja Fritz},
	Volume = {46},
	Year = {2004}}

@phdthesis{Cain2000,
	Author = {Cain, Bruce D.},
	Date-Added = {2019-07-29 08:35:16 +0200},
	Date-Modified = {2019-07-29 08:35:54 +0200},
	School = {Cornell University},
	Title = {Dhivehi (Maldivian): A synchronic and diachronic study},
	Year = {2000}}

@article{Cain1995,
	Author = {Cain, Bruce D.},
	Date-Added = {2019-07-29 08:34:28 +0200},
	Date-Modified = {2019-07-29 08:35:06 +0200},
	Journal = {Anthropological Linguistics},
	Number = {4},
	Pages = {524--540},
	Title = {Maldivian prototypical passives and related constructions},
	Volume = {37},
	Year = {1995}}

@article{Bergqvist2012,
	Author = {Bergqvist, Henrik},
	Date-Added = {2019-07-29 08:33:26 +0200},
	Date-Modified = {2019-07-29 08:34:16 +0200},
	Journal = {Studies in Language},
	Number = {1},
	Pages = {154--181},
	Title = {Epistemic marking in Ika (Arwako)},
	Volume = {36},
	Year = {2012}}

@book{AsherKumari1997,
	Address = {New York},
	Author = {Asher, Ronald E. and T. C. Kumari},
	Date-Added = {2019-07-29 08:32:34 +0200},
	Date-Modified = {2019-07-29 08:33:14 +0200},
	Publisher = {Routledge},
	Title = {Malayalam},
	Year = {1997}}

@article{Akerman2012,
	Author = {{\AA}kerman, Vesa},
	Date-Added = {2019-07-29 08:31:29 +0200},
	Date-Modified = {2019-07-29 08:32:23 +0200},
	Journal = {SIL Electronic Working Papers 2012},
	Pages = {1--61},
	Title = {Inflection of finite verbs in Mongghul},
	Volume = {003},
	Year = {2012}}

@incollection{Aikhenvald2011,
	Address = {Leiden},
	Author = {Aikhenvald, Alexandra Y.},
	Booktitle = {Language at Large: Essays on Syntax and Semantics,},
	Date-Added = {2019-07-29 08:30:10 +0200},
	Date-Modified = {2019-07-29 08:31:19 +0200},
	Editor = {Alexandra Y. Aikhenvald and Robert Malcolm Ward Dixon},
	Pages = {290--326},
	Publisher = {Brill},
	Series = {Empirical Approaches to Linguistic Theory 2},
	Title = {Semi-direct speech in typological perspective},
	Year = {2011}}

@article{Aikhenvald2008,
	Author = {Aikhenvald, Alexandra Y.},
	Date-Added = {2019-07-29 08:29:16 +0200},
	Date-Modified = {2019-07-29 08:30:00 +0200},
	Journal = {Language Sciences},
	Pages = {383--422},
	Title = {Semi-direct speech: Manambu and beyond},
	Volume = {30},
	Year = {2008}}

@book{Ahmad1970,
	Address = {Mal{\'e}},
	Author = {Ahmad, Ali},
	Date-Added = {2019-07-29 08:28:02 +0200},
	Date-Modified = {2019-08-09 11:55:01 +0200},
	Publisher = {Novelty Printers \& Publishers},
	Title = {KushehneiyDhivehibahun vaahakadakkaasheve adhi liyaasheve},
	Year = {1970}}

@phdthesis{Zemp2013,
	Address = {Berne},
	Author = {Zemp, Marius},
	Date-Added = {2019-07-26 11:19:18 +0200},
	Date-Modified = {2019-07-26 11:20:20 +0200},
	School = {University of Berne},
	Title = {A historical grammar of the Tibetan dialect spoken in Kargil (Purik)},
	Year = {2013}}

@incollection{WindfuhrPerry2009,
	Address = {London},
	Author = {Windfuhr, Gernot and John R. Perry},
	Booktitle = {The Iranian Languages},
	Date-Added = {2019-07-26 11:17:34 +0200},
	Date-Modified = {2019-07-26 11:18:58 +0200},
	Editor = {Gernot Windfuhr},
	Pages = {416--544},
	Publisher = {Routledge},
	Title = {Persian and Tajik},
	Year = {2009}}

@mastersthesis{Svard2014,
	Author = {Sv{\"a}rd, Erik},
	Date-Added = {2019-07-26 11:16:29 +0200},
	Date-Modified = {2019-07-26 11:17:06 +0200},
	School = {Stockholm: Stockholm University},
	Title = {Discourse markers in Dardic languages: Palula ba and ta in a comparative perspective},
	Year = {2014}}

@article{Strand2016,
	Author = {Strand, Richard F.},
	Date-Added = {2019-07-26 11:14:39 +0200},
	Date-Modified = {2019-07-26 11:16:14 +0200},
	Journal = {Encyclopaedia Iranica},
	Note = {\url{http://www.iranicaonline.org/articles/nurestani-languages }, 2016-03-02},
	Title = {Nurest{\^a}ni languages},
	Year = {2016}}

@book{SchmidtKohistani2008,
	Address = {Wiesbaden},
	Author = {Schmidt, Ruth Laila and Razwal Kohistani},
	Date-Added = {2019-07-26 11:13:17 +0200},
	Date-Modified = {2019-07-26 11:14:18 +0200},
	Publisher = {Harrassowitz},
	Series = {Beitr{\"a}ge Zur Kenntnis S{\"u}dasiatischer Sprachen and Literaturen 17},
	Title = {A grammar of the Shina language of Indus Kohistan},
	Year = {2008}}

@book{RadloffShakil1998,
	Address = {Islamabad},
	Author = {Radloff, Carla F. and Shakil Ahmad Shakil},
	Date-Added = {2019-07-26 11:11:03 +0200},
	Date-Modified = {2019-07-26 11:12:48 +0200},
	Publisher = {National Institute of Pakistan Studies and Summer Institute of Linguistics},
	Series = {Studies in Languages of Northern Pakistan 2},
	Title = {Folktales in the Shina of Gilgit: Text, grammatical analysis and commentary},
	Year = {1998.}}

@incollection{Perry2000,
	Address = {Berlin},
	Author = {Perry, John R.},
	Booktitle = {Evidentials: Turkic, Iranian and Neighbouring Languages},
	Date-Added = {2019-07-26 11:09:29 +0200},
	Date-Modified = {2019-07-26 11:10:51 +0200},
	Editor = {Lars Johanson and Bo Utas},
	Pages = {229--257},
	Publisher = {Walter de Gruyter},
	Title = {Epistemic verb forms in Persian of Iran, Afghanistan and Tajikistan},
	Year = {2000}}

@phdthesis{Perder2013,
	Author = {Perder, Emil},
	Date-Added = {2019-07-26 11:08:48 +0200},
	Date-Modified = {2019-07-26 11:09:16 +0200},
	School = {Stockholm University},
	Title = {A grammatical description of Dameli},
	Year = {2013}}

@mastersthesis{Lubberger2014,
	Address = {Grand Forks, North Dakota},
	Author = {Lubberger, Beate},
	Date-Added = {2019-07-26 11:06:44 +0200},
	Date-Modified = {2019-07-26 11:07:37 +0200},
	School = {University of North Dakota},
	Title = {A description and analysis of four metarepresentation markers of Indus Kohistani},
	Year = {2014}}

@article{LiljegrenSvard2017,
	Author = {Liljegren, Henrik and Erik Sv{\"a}rd},
	Date-Added = {2019-07-26 11:05:17 +0200},
	Date-Modified = {2019-07-26 11:06:28 +0200},
	Journal = {Journal of Language Contact},
	Number = {3},
	Pages = {450--484},
	Title = {Bisyndetic contrast marking in the Hindukush: Additional evidence of a historical contact zone},
	Volume = {10},
	Year = {2017}}

@book{LiljegrenHaider2015b,
	Address = {Islamabad},
	Author = {Liljegren, Henrik and Naseem Haider},
	Date-Added = {2019-07-26 11:03:36 +0200},
	Date-Modified = {2019-07-26 11:04:51 +0200},
	Publisher = {Islamabad},
	Series = {FLI Language and Culture Series 8)},
	Title = {Palula texts},
	Year = {2015b}}

@incollection{LiljegrenHaider2015a,
	Address = {Amsterdamâ¯; Philadelphia},
	Author = {Liljegren, Henrik and Naseem Haider},
	Booktitle = {The linguistics of temperature},
	Date-Added = {2019-07-26 11:01:40 +0200},
	Date-Modified = {2019-07-26 11:03:21 +0200},
	Editor = {Maria Koptjevskaja-Tamm},
	Pages = {440--470},
	Publisher = {John Benjamins Publishing Company},
	Series = {Typological Studies in Language 107},
	Title = {Facts, feelings and temperature expressions in the Hindukush},
	Year = {2015}}

@book{LiljegrenHaider2011,
	Address = {Islamabad},
	Author = {Liljegren, Henrik and Naseem Haider},
	Date-Added = {2019-07-26 11:00:33 +0200},
	Date-Modified = {2019-07-26 11:01:23 +0200},
	Publisher = {Forum for Language Initiatives},
	Series = {FLI Language and Culture Series 7},
	Title = {Palula vocabulary},
	Year = {2011}}

@article{LiljegrenHaider2009,
	Annote = {doi:10.1017/S0025100309990193},
	Author = {Liljegren, Henrik and Naseem Haider},
	Date-Added = {2019-07-26 10:58:33 +0200},
	Date-Modified = {2019-07-26 11:00:08 +0200},
	Journal = {Journal of the International Phonetic Association},
	Number = {3},
	Pages = {381--386},
	Title = {Palula},
	Volume = {39},
	Year = {2009}}

@book{Liljegren2016,
	Address = {Berlin},
	Author = {Liljegren, Henrik},
	Date-Added = {2019-07-26 10:57:12 +0200},
	Date-Modified = {2019-07-26 10:58:21 +0200},
	Publisher = {Language Science Press},
	Series = {Studies in Diversity Linguistics 8},
	Title = {A grammar of Palula},
	Year = {2016}}

@article{Liljegren2010,
	Author = {Liljegren, Henrik},
	Date-Added = {2019-07-26 10:55:58 +0200},
	Date-Modified = {2019-07-26 10:57:02 +0200},
	Journal = {Himalayan Linguistics},
	Number = {1},
	Pages = {51--79},
	Title = {Where have all the verbs gone?: On verb stretching and semi-words in Indo-Aryan Palula},
	Volume = {9},
	Year = {2010}}

@phdthesis{Lehr2014,
	Address = {Chicago},
	Author = {Lehr, Rachel},
	Date-Added = {2019-07-26 10:51:32 +0200},
	Date-Modified = {2019-07-26 10:55:38 +0200},
	School = {University of Chicago},
	Title = {A descriptive grammar of Pashai: The language and speech community of Darrai Nur},
	Year = {2014}}

@mastersthesis{Jones2009a,
	Address = {London},
	Author = {Jones, Eunice},
	Date-Added = {2019-07-26 10:50:00 +0200},
	Date-Modified = {2019-07-26 10:50:59 +0200},
	School = {School of Oriental and African Studies, University of London},
	Title = {Evidentiality and mirativity in Balti},
	Year = {2009}}

@incollection{Johanson2003,
	Address = {Philadelphia, PA, USA},
	Author = {Johanson, Lars},
	Booktitle = {Studies in Evidentiality},
	Date-Added = {2019-07-26 10:47:20 +0200},
	Date-Modified = {2019-07-26 10:49:44 +0200},
	Editor = {Alexandra Aikhenvald and Robert M. W. Dixon},
	Note = {\url{http://site.ebrary.com/lib/alltitles/docDetail.action?docID=10023485}, 2015-12-16},
	Pages = {273--290},
	Publisher = {John Benjamins Publishing Company},
	Title = {Evidentiality in Turkic},
	Year = {2003}}

@incollection{Johanson2000,
	Address = {Berlin},
	Author = {Johanson, Lars},
	Booktitle = {Evidentials: Turkic, Iranian and Neighbouring Languages},
	Date-Added = {2019-07-26 10:45:50 +0200},
	Date-Modified = {2019-07-26 10:47:11 +0200},
	Editor = {Lars Johanson and Bo Utas},
	Pages = {61--87},
	Publisher = {Walter de Gruyter},
	Title = {Turkic indirectives},
	Year = {2000}}

@article{Heegard2015,
	Author = {Heeg{\aa}rd Petersen, Jan},
	Date-Added = {2019-07-26 10:44:16 +0200},
	Date-Modified = {2019-07-26 10:45:27 +0200},
	Journal = {Acta Linguistica Hafniensia},
	Pages = {1--275},
	Title = {Kalasha texts: With introductory grammar},
	Volume = {47},
	Year = {2015}}

@incollection{Haan2013,
	Address = {Leipzig},
	Author = {De Haan, Ferdinand},
	Booktitle = {The World Atlas of Language Structures Online},
	Date-Added = {2019-07-26 10:41:48 +0200},
	Date-Modified = {2019-07-26 10:43:56 +0200},
	Editor = {Matthew S. Dryer and Martin Haspelmath},
	Pages = {\url{http://wals.info/chapter/77 }, 2016-03-03},
	Publisher = {Max Planck Institute for Evolutionary Anthropology},
	Title = {Semantic Distinctions of Evidentiality},
	Year = {2013}}

@incollection{Deshpande1981,
	Address = {Poona},
	Author = {Deshpande, Madhav M.},
	Booktitle = {Golden Jubilee Volume},
	Date-Added = {2019-07-26 10:38:35 +0200},
	Date-Modified = {2019-07-26 10:41:19 +0200},
	Editor = {T.N. Dharmadhikari},
	Publisher = {Vaidika Sam{\'s}odhana Mandala},
	Title = {P{\=a}{\d n}ini and the Vedic evidence: A peep into the ``past''},
	Year = {1981}}

@article{DeLancey2001,
	Annote = {doi:10.1016/S0378-2166(01)80001-1},
	Author = {DeLancey, Scott},
	Date-Added = {2019-07-26 10:36:51 +0200},
	Date-Modified = {2019-07-26 10:37:57 +0200},
	Journal = {Journal of Pragmatics},
	Number = {3},
	Pages = {369--382},
	Title = {The mirative and evidentiality},
	Volume = {33},
	Year = {2001}}

@incollection{DeLancey1986,
	Address = {Norwood, N.J},
	Author = {DeLancey, Scott},
	Booktitle = {Evidentiality: The Linguistic Coding of Epistemology},
	Date-Added = {2019-07-26 10:35:11 +0200},
	Date-Modified = {2019-07-26 10:36:34 +0200},
	Editor = {{Wallace L.} Chafe and Johanna Nichols},
	Pages = {203--213},
	Publisher = {Praeger},
	Title = {Evidentiality and volitionality in Tibetan},
	Year = {1986}}

@book{Degener1998,
	Address = {Wiesbaden},
	Author = {Degener, Almuth},
	Date-Added = {2019-07-26 10:33:56 +0200},
	Date-Modified = {2019-07-26 10:34:43 +0200},
	Publisher = {Harrassowitz Verlag},
	Title = {Die Sprache von Nisheygram im afghanischen Hindukusch},
	Year = {1998}}

@mastersthesis{Decker1992,
	Author = {Decker, K. D},
	Date-Added = {2019-07-26 10:31:23 +0200},
	Date-Modified = {2019-07-26 10:33:34 +0200},
	School = {University of Texas at Arlington},
	Title = {Factors affecting language maintenance and shift in Chitral, Pakistan},
	Year = {1992}}

@book{David2013,
	Address = {Berlin},
	Author = {David, Anne Boyle},
	Date-Added = {2019-07-26 10:30:07 +0200},
	Date-Modified = {2019-07-26 10:30:57 +0200},
	Editor = {Claudia Marlea Brugman},
	Publisher = {De Gruyter Mouton},
	Title = {Descriptive grammar of Pashto and its dialects},
	Year = {2013}}

@book{Dahl1985,
	Address = {Oxford},
	Author = {Dahl, {\"O}sten},
	Date-Added = {2019-07-26 10:29:05 +0200},
	Date-Modified = {2019-07-26 10:29:47 +0200},
	Publisher = {Basil Blackwell},
	Title = {Tense and aspect systems},
	Year = {1985}}

@article{Cardona2002,
	Author = {Cardona, George},
	Date-Added = {2019-07-26 10:27:51 +0200},
	Date-Modified = {2019-07-26 10:28:52 +0200},
	Journal = {Journal of the American Oriental Society},
	Number = {2},
	Pages = {235},
	Title = {The Old Indo-Aryan Tense System},
	Volume = {122},
	Year = {2002}}

@book{Cacopardo2001,
	Address = {Rome},
	Author = {Cacopardo, Alberto and Augusto Cacopardo},
	Date-Added = {2019-07-26 10:26:17 +0200},
	Date-Modified = {2019-07-26 10:27:27 +0200},
	Publisher = {Istituto Italiano per l'Africa e l'Oriente (IsIAO)},
	Series = {Reports and Memoirs 5},
	Title = {Gates of Peristan: History, religion and society in the Hindu Kush},
	Year = {2001}}

@book{Berger1998,
	Address = {Wiesbaden},
	Author = {Berger, Hermann},
	Date-Added = {2019-07-26 10:24:46 +0200},
	Date-Modified = {2019-07-26 10:25:49 +0200},
	Publisher = {Harrassowitz},
	Series = {Neuindische Studien 13},
	Title = {Die Burushaski-Sprache von Hunza und Nager 1. Grammatik.},
	Year = {1998}}

@article{Bashir2010,
	Author = {Bashir, Elena},
	Date-Added = {2019-07-26 10:23:27 +0200},
	Date-Modified = {2019-07-26 10:24:32 +0200},
	Journal = {Himalayan Linguistics},
	Number = {2},
	Pages = {1--55},
	Title = {Traces of mirativity in Shina},
	Volume = {9},
	Year = {2010}}

@incollection{Bashir2009,
	Address = {London; New York},
	Author = {Bashir, Elena},
	Booktitle = {The Iranian Languages},
	Date-Added = {2019-07-26 10:21:27 +0200},
	Date-Modified = {2019-07-26 10:23:08 +0200},
	Edition = {1st},
	Editor = {Gernot Windfuhr},
	Pages = {825--862},
	Publisher = {Routledge},
	Title = {Wakhi},
	Year = {2007}}

@incollection{Bashir2007,
	Address = {Oxford},
	Author = {Bashir, Elena},
	Booktitle = {New perspectives on Pakistan: Visions for the future},
	Date-Added = {2019-07-26 10:18:17 +0200},
	Date-Modified = {2019-07-26 10:20:02 +0200},
	Editor = {Heather Bolton and Saeed Shafqat},
	Pages = {205--238},
	Publisher = {Oxford University Press},
	Title = {Contact-induced change in Khowar},
	Year = {2007}}

@inproceedings{Bashir2006,
	Address = {Stanford},
	Author = {Bashir, Elena},
	Booktitle = {Proceedings of the LFG06 Conference},
	Date-Added = {2019-07-26 10:16:36 +0200},
	Date-Modified = {2019-07-26 10:18:04 +0200},
	Editor = {Miriam Butt and Tracy Holloway King},
	Publisher = {CSLI Publications},
	Title = {Evidentiality in South Asian Languages},
	Year = {2006}}

@incollection{Bashir2003,
	Author = {Bashir, Elena},
	Booktitle = {The Indo-Aryan Languages},
	Date-Added = {2019-07-26 10:14:32 +0200},
	Date-Modified = {2019-07-26 10:16:26 +0200},
	Editor = {George Cardona and Danesh Jain},
	Pages = {818--894},
	Publisher = {Routledge},
	Title = {Dardic},
	Year = {2003}}

@inproceedings{Bashir1996b,
	Address = {Karachi},
	Author = {Bashir, Elena},
	Booktitle = {Proceedings of the Second International Hindukush Cultural Conference},
	Date-Added = {2019-07-26 08:31:52 +0200},
	Date-Modified = {2019-07-26 08:33:45 +0200},
	Editor = {Elena Bashir and Israr-ud-Din},
	Pages = {167--179},
	Publisher = {Oxford University Press},
	Series = {Hindukush and Karakoram Studies v. 1},
	Title = {The areal position of Khowar: South Asian and other affinities},
	Year = {1996}}

@incollection{Bashir1996a,
	Address = {Lahore},
	Author = {Bashir, Elena},
	Booktitle = {Studies in Pakistani popular culture},
	Date-Added = {2019-07-26 08:29:28 +0200},
	Date-Modified = {2019-07-26 08:31:14 +0200},
	Editor = {William L. Hanaway and Wilma Heston},
	Pages = {187--286},
	Publisher = {Lok Virsa Pub. House and Sang-e-Meel Publications},
	Title = {Mosaic of tongues: Quotatives and complementizers in Northwest Indo-Aryan, Burushaski, and Balti},
	Year = {1996}}

@phdthesis{Bashir1988,
	Author = {Bashir, Elena},
	Date-Added = {2019-07-26 08:28:06 +0200},
	Date-Modified = {2019-07-26 08:28:56 +0200},
	School = {University of Michigan},
	Title = {Topics in Kalasha syntax: An areal and typological perspective},
	Year = {1988}}

@book{Baart1999,
	Address = {Islamabad},
	Author = {Baart, Joan L. G},
	Date-Added = {2019-07-23 09:04:34 +0200},
	Date-Modified = {2019-07-23 09:05:52 +0200},
	Publisher = {National Institute of Pakistan Studies and Summer Institute of Linguistics},
	Series = {(Studies in Languages of Northern Pakistan 5)},
	Title = {A sketch of Kalam Kohistani grammar},
	Year = {1999}}

@article{Garcia-Ramon2018,
	Author = {Garc{\'\i}a-Ram{\'o}n, Amparo},
	Date-Added = {2019-07-19 10:51:07 +0200},
	Date-Modified = {2019-07-19 10:52:47 +0200},
	Journal = {Revista de Filolog{\'\i}a Hisp{\'a}nica},
	Number = {3},
	Pages = {1336--1364},
	Title = {Primac{\'\i}a epist{\'e}mica en g{\'e}neros interaccionales: atenuaci{\'o}n, intensificaci{\'o}n y territorio},
	Volume = {34},
	Year = {2018}}

@book{Comrie1981,
	Address = {Oxford},
	Author = {Bernard Comrie},
	Publisher = {Basil Blackwell},
	Title = {Language Universals and Linguistic Typology},
	Year = {1981}}

@book{Chomsky1957,
	Address = {The Hague},
	Author = {Noam Chomsky},
	Publisher = {Mouton},
	Title = {Syntactic structures},
	Year = {1957}}

@book{Circov1900,
	Address = {The Hague},
	Author = {{\'C}ircov, Boban},
	Publisher = {Mouton},
	Sortname = {Circov},
	Title = {Test book},
	Year = {1957}}

@misc{Nordhoff2018,
	Author = {Sebastian Nordhoff},
	Note = {Follow the link to generate BibTeX},
	Title = {{BibTeX} generator},
	Url = {http://glottotopia.org/doc2tex/doc2bib},
	Year = {2018},
	Bdsk-Url-1 = {http://glottotopia.org/doc2tex/doc2bib}}

@incollection{Stivers2011,
	Address = {Cambridge},
	Author = {Stivers, Tanya and Mondada, Lorenza and Steensig, Jakob},
	Booktitle = {The Morality of Knowledge in Conversation},
	Date = 2011,
	Editor = {Stivers, Tanya and Mondada, Lorenza and Steensig, Jakob},
	Isbn = {978-0-511-92167-4},
	Note = {[Online; accessed 2016-04-24]},
	Pages = {3--24},
	Publisher = {Cambridge University Press},
	Title = {Knowledge, morality and affiliation in social interaction},
	Url = {http://ebooks.cambridge.org/ref/id/CBO9780511921674A012},
	Year = 2011,
	Bdsk-Url-1 = {http://ebooks.cambridge.org/ref/id/CBO9780511921674A012}}

@article{Bergqvist2017,
	Author = {Bergqvist, Henrik},
	Date = 2017,
	Doi = {10.1016/j.lingua.2015.02.008},
	Issn = {0024-3841},
	Journal = {Lingua},
	Pages = {5--20},
	Title = {The role of `perspective' in epistemic marking},
	Volume = {186-187},
	Year = 2017,
	Bdsk-Url-1 = {https://doi.org/10.1016/j.lingua.2015.02.008}}

@book{Ethnologue2016,
	Address = {Dallas, Tex},
	Date = 2016,
	Date-Modified = {2019-07-19 10:23:43 +0200},
	Edition = {19th},
	Editor = {Lewis , Paul M.},
	Publisher = {SIL International},
	Title = {Ethnologue: Languages of the World},
	Url = {http://www.ethnologue.com/},
	Year = 2016,
	Bdsk-Url-1 = {http://www.ethnologue.com/}}

@misc{INEC2010,
	Author = {INEC, Instituto Nacional de Estad{\'\i}stica y Censos},
	Date = 2010,
	Journal = {Instituto Nacional de Estad{\'\i}stica y Censos},
	Note = {[Online; accessed 2015-11-04]},
	Title = {Censo Nacional: Poblaci{\'o}n y Econom{\'\i}a},
	Url = {http://www.ecuadorencifras.gob.ec/censo-de-poblacion-y-vivienda/},
	Year = 2010,
	Bdsk-Url-1 = {http://www.ecuadorencifras.gob.ec/censo-de-poblacion-y-vivienda/}}

@article{ANCE2008,
	Author = {ANCE, Asamblea Nacional Constituyente de Ecuador},
	Date = 2008,
	Note = {[Online; accessed 2013-01-29]},
	Title = {Constituci{\'o}n de la Rep{\'u}blica del Ecuador},
	Url = {http://02a045b.netsolhost.com/legislacion/normativa/leyes/constitucion2008.pdf},
	Year = 2008,
	Bdsk-Url-1 = {http://02a045b.netsolhost.com/legislacion/normativa/leyes/constitucion2008.pdf}}

@article{Wroblewski2014,
	Author = {Wroblewski, Michael},
	Date = {2014-03-01},
	Day = 1,
	Doi = {10.1111/aman.12067},
	Issn = {1548-1433},
	Journal = {American Anthropologist},
	Language = {en},
	Month = 3,
	Number = 1,
	Pages = {65--80},
	Title = {Public Indigeneity, Language Revitalization, and Intercultural Planning in a Native Amazonian Beauty Pageant},
	Volume = 116,
	Year = 2014,
	Bdsk-Url-1 = {https://doi.org/10.1111/aman.12067}}

@article{Hornberger1996,
	Author = {Hornberger, Nancy H. and King, Kendall A.},
	Date = 1996,
	Doi = {10.1080/01434639608666294},
	Issn = {0143-4632},
	Journal = {Journal of Multilingual and Multicultural Development},
	Number = 6,
	Pages = {427--441},
	Title = {Language Revitalisation in the Andes: Can the Schools Reverse Language Shift?},
	Volume = 17,
	Year = 1996,
	Bdsk-Url-1 = {https://doi.org/10.1080/01434639608666294}}

@article{Grzech2017,
	Author = {Grzech, Karolina},
	Date = 2017,
	Doi = {10.7764/onomazein.amerindias.02},
	Journal = {Onom{\'a}zein},
	Number = {N.Âº especial {\textbar} Las lenguas amerindias en Iberoam{\'e}rica: retos para el siglo XXI},
	Pages = {16--34},
	Title = {Â¿Es necesario elegir entre la estandarizaci{\'o}n de las lenguas minoritarias y la vitalidad de sus variedades? Estudio de caso del kichwa de Alto Napo},
	Year = 2017,
	Bdsk-Url-1 = {https://doi.org/10.7764/onomazein.amerindias.02}}

@book{Moseley2010,
	Address = {Paris},
	Author = {Moseley, Christopher},
	Date = 2010,
	Edition = {3rd},
	Note = {[Online; accessed 2015-01-11]},
	Publisher = {UNESCO Publishing},
	Title = {Atlas of the World's Languages in danger},
	Url = {http://www.unesco.org/culture/languages-atlas/},
	Year = 2010,
	Bdsk-Url-1 = {http://www.unesco.org/culture/languages-atlas/}}

@incollection{Muysken1995,
	Address = {New York},
	Author = {Muysken, Pieter},
	Booktitle = {Discourse Configurational Languages},
	Date = 1995,
	Editor = {Kiss, Katalin {\'E}.},
	Pages = {375--393},
	Publisher = {Oxford University Press},
	Title = {Focus in Quechua},
	Year = 1995}

@phdthesis{Grzech2016a,
	Address = {SOAS, University of London},
	Author = {Grzech, Karolina},
	Date = 2016,
	Date-Modified = {2019-07-12 14:00:43 +0200},
	Title = {Discourse enclitics in Tena Kichwa: A corpus-based account of information structure and epistemic meaning},
	Year = 2016}

@book{Adelaar2004,
	Author = {Adelaar, Willem F. H. and Muysken, Pieter C.},
	Date = 2004,
	Isbn = {0-521-36831-6},
	Numpages = 748,
	Publisher = {Cambridge University Press},
	Title = {The Languages of the Andes},
	Year = 2004}

@book{Cole1982,
	Address = {Amsterdam},
	Author = {Cole, Peter},
	Date = 1982,
	Editor = {Comrie, Bernard and Smith, Norval and de Haas, Anna},
	Note = {[Online; accessed 2012-10-26]},
	Numpages = 233,
	Publisher = {North-Holland Publishing Company},
	Series = {Lingua Descriptive Studies},
	Title = {Imbabura Quechua: A Descriptive Grammar},
	Url = {http://www.bookdepository.co.uk/Imbabura-Quechua-Peter-Cole/9780709934448},
	Volume = 5,
	Year = 1982,
	Bdsk-Url-1 = {http://www.bookdepository.co.uk/Imbabura-Quechua-Peter-Cole/9780709934448}}

@incollection{Himmelmann2006,
	Address = {Berlin; New York},
	Author = {Himmelmann, Nicolaus P.},
	Booktitle = {Essentials of Language Documentation},
	Date = {2006-03-15},
	Day = 15,
	Editor = {Himmelmann, Nicolaus P. and Gippert, Jost and Mosel, Ulrike},
	Isbn = {978-3-11-018406-8},
	Language = {English},
	Month = 3,
	Pages = {1--30},
	Publisher = {Mouton de Gruyter},
	Title = {Language documentation: What is it and what is it good for?},
	Year = 2006}

@book{Chafe1980,
	Address = {Norwood, N.J},
	Author = {Chafe, Wallace L.},
	Date = {1980-01-01},
	Day = 1,
	Isbn = {978-0-89391-032-7},
	Language = {English},
	Month = 1,
	Numpages = 350,
	Publisher = {Ablex Publishing Corp.},
	Title = {The Pear Stories: Cognitive, Cultural and Linguistic Aspects of Narrative Production},
	Year = 1980}

@book{Skopeteas2006,
	Address = {Potsdam},
	Author = {Skopeteas, Stavros and Fiedler, Ines and Hellmuth, Sam and Schwarz, Anne and Stoel, Ruben and Fanselow, Gisbert and F{\'e}ry, Caroline and Krifka, Manfred},
	Date = 2006,
	Isbn = {3-939469-14-9},
	Language = {eng ger},
	Numpages = 263,
	Publisher = {Universit{\"a}tsverlag Potsdam},
	Series = {Interdisciplinary studies on information structure},
	Title = {Questionnaire on information structure (QUIS): refence manual},
	Year = 2006}

@article{SanRoque2012,
	Author = {San Roque, Lila and Gawne, Lauren and Hoenigman, Darja and Miller, Julia Colleen and Rumsey, Alan and Spronck, Stef and Carroll, Alice and Evans, Nicholas},
	Date = {2012-05},
	Date-Modified = {2019-10-04 14:07:19 +0200},
	Issn = {1934-5275},
	Journal = {Language Documentation \& Conservation},
	Language = {en},
	Month = 5,
	Note = {National Foreign Language Resource Center},
	Pages = {135--174},
	Title = {Getting the Story Straight: Language Fieldwork Using a Narrative Problem-Solving Task},
	Url = {http://scholarspace.manoa.hawaii.edu/handle/10125/4504},
	Volume = {6},
	Year = 2012,
	Bdsk-Url-1 = {http://scholarspace.manoa.hawaii.edu/handle/10125/4504}}

@article{Willett1988,
	Author = {Willett, Thomas},
	Date = 1988,
	Journal = {Studies in Language},
	Number = 1,
	Pages = {51--97},
	Title = {A Cross-Linguistic Survey of the Grammaticization of Evidentiality},
	Volume = 12,
	Year = 1988}

@article{Nikolaeva2000,
	Author = {Nikolaeva, Irina},
	Date = 2000,
	Journal = {Journal de la Soci{\'e}t{\'e} Finno-Ougrienne},
	Pages = {131--59},
	Title = {The semantics of Northern Ostyak Evidentials},
	Volume = 88,
	Year = 2000}

@article{Dendale2001,
	Author = {Dendale, Patrick and Tasmowski, Liliane},
	Date = {2001-03},
	Date-Modified = {2019-07-19 10:39:42 +0200},
	Doi = {10.1016/S0378-2166(00)00005-9},
	Issn = {0378-2166},
	Journal = {Journal of Pragmatics},
	Month = 3,
	Note = {[Online; accessed 2015-04-29]},
	Number = 3,
	Pages = {339--348},
	Series = {Evidentiality Evidentiality},
	Title = {Introduction: evidentiality and related notions},
	Volume = 33,
	Year = 2001,
	Bdsk-Url-1 = {https://doi.org/10.1016/S0378-2166(00)00005-9}}

@book{Aikhenvald2004,
	Author = {Aikhenvald, Alexandra Y.},
	Date = 2004,
	Isbn = {978-0-19-920433-5},
	Language = {en},
	Numpages = 484,
	Publisher = {Oxford University Press},
	Title = {Evidentiality},
	Year = 2004}

@incollection{GonzalezRuiz2016,
	Address = {Madrid},
	Author = {Gonz{\'a}lez Ruiz, Ram{\'o}n and Loureda Lamas, Oscar and Izquierdo Alegr{\'\i}a, D{\'a}maso},
	Booktitle = {La evidencialidad en espa{\~n}ol: teor{\'\i}a y descripci{\'o}n},
	Date = 2016,
	Editor = {Gonz{\'a}lez Ruiz, Ram{\'o}n and Loureda Lamas, {\'O}scar and Izquierdo Alegr{\'\i}a, D{\'a}maso},
	Isbn = {978-84-8489-948-8},
	Note = {OCLC: ocn951393021},
	Pages = {9--45},
	Publisher = {Iberoamericana ; Frankfurt am Main : Vervuert},
	Series = {Ling{\"u}{\'\i}stica iberoamericana},
	Title = {Un acercamiento a los fundamentos de la evidencialidad y a su recepci{\'o}n y tratamiento en la ling{\"u}{\'\i}stica hisp{\'a}nica},
	Year = 2016}

@article{Fetzer2014,
	Author = {Fetzer, Anita and Oishi, Etsuko},
	Date = 2014,
	Journal = {Intercultural Pragmatics},
	Number = 3,
	Pages = {321--332},
	Title = {Evidentiality in discourse},
	Volume = 11,
	Year = 2014}

@book{Palmer2001,
	Author = {Palmer, F. R.},
	Date = {2001-04-16},
	Day = 16,
	Edition = {2nd},
	Isbn = {978-0-521-80479-0},
	Language = {en},
	Month = 4,
	Numpages = 262,
	Publisher = {Cambridge University Press},
	Title = {Mood and Modality},
	Year = 2001}

@book{Boye2012,
	Address = {Berlin, Boston},
	Author = {Boye, Kasper},
	Date = 2012,
	Isbn = {978-3-11-021903-6},
	Language = {ENGL},
	Note = {[Online; accessed 2015-10-30]},
	Publisher = {De Gruyter Mouton},
	Title = {Epistemic Meaning, A Crosslinguistic and Functional-Cognitive Study},
	Url = {http://www.degruyter.com/view/product/41605},
	Year = 2012,
	Bdsk-Url-1 = {http://www.degruyter.com/view/product/41605}}

@phdthesis{SanRoque2008,
	Address = {Canberra},
	Author = {San Roque, Lila},
	Date = 2008,
	Date-Modified = {2019-08-06 11:14:48 +0200},
	Note = {[Online; accessed 2016-05-02]},
	School = {Australian National University},
	Title = {An introduction to Duna grammar},
	Url = {http://repository.ubn.ru.nl/bitstream/handle/2066/140229/140229.pdf?sequence=1},
	Year = 2008,
	Bdsk-Url-1 = {http://repository.ubn.ru.nl/bitstream/handle/2066/140229/140229.pdf?sequence=1}}

@incollection{Hayano2011,
	Address = {Cambridge},
	Author = {Hayano, Kaoru},
	Booktitle = {The Morality of Knowledge in Conversation},
	Date = 2011,
	Editor = {Stivers, Tanya and Mondada, Lorenza and Steensig, Jacob},
	Publisher = {Cambridge University Press},
	Title = {Claiming epistemic primacy: yo-marked assessments in Japanese},
	Year = 2011}

@incollection{Stalnaker1974,
	Address = {New York},
	Author = {Stalnaker, Robert},
	Booktitle = {Semantics and Philosophy},
	Date = 1974,
	Editor = {Munitz, Milton K. and Unger, Peter K.},
	Pages = {197--213},
	Publisher = {New York University Press},
	Title = {Pragmatic Presuppositions},
	Year = 1974}

@book{Clark1996,
	Author = {Clark, Herbert H.},
	Date = {1996-05-16},
	Day = 16,
	Isbn = {978-0-521-56745-9},
	Language = {en},
	Month = 5,
	Numpages = 452,
	Publisher = {Cambridge University Press},
	Title = {Using Language},
	Year = 1996}

@incollection{Stalnaker1978,
	Address = {New York},
	Author = {Stalnaker, Robert and Cole, Peter},
	Booktitle = {Syntax and Semantic},
	Date = 1978,
	Pages = {315--332},
	Publisher = {Academic Press},
	Series = {Pragmatics},
	Title = {Assertion},
	Volume = 9,
	Year = 1978}

@inproceedings{Krifka2007,
	Address = {Potsdam},
	Author = {Krifka, Manfred},
	Date = 2007,
	Editor = {F{\'e}ry, Caroline and Fanselow, Gisbert and Krifka, Manfred},
	Journal = {Interdisciplinary Studies on Information Structure (ISIS)},
	Note = {[Online; accessed 2015-10-19]},
	Pages = {13--56},
	Publisher = {Universit{\"a}tsverlag Potsdam},
	Title = {Basic notions of information structure},
	Url = {http://www.akademiai.com/doi/abs/10.1556/ALing.55.2008.3-4.2},
	Volume = 6,
	Year = 2007,
	Bdsk-Url-1 = {http://www.akademiai.com/doi/abs/10.1556/ALing.55.2008.3-4.2}}

@incollection{Chafe1987,
	Address = {Amsterdam},
	Author = {Chafe, Wallace L.},
	Booktitle = {Coherence and Grounding in Discourse: Outcome of a Symposium, Eugene, Oregon, June 1984},
	Date = {1987-01-01},
	Day = 1,
	Editor = {Tomlin, Russell S.},
	Isbn = {978 90 272 2882 6, 978 0 915027 85 9, 978 90 272 2881 9, 978 0 915027 86 6, 978 90 272 8627 7},
	Language = {en},
	Month = 1,
	Note = {[Online; accessed 2015-10-30]},
	Pages = {21--52},
	Publisher = {John Benjamins Publishing Company},
	Series = {Typological Studies in Language},
	Title = {Cognitive constraints on information flow},
	Url = {http://www.jbe-platform.com/content/books/9789027286277},
	Volume = 11,
	Year = 1987,
	Bdsk-Url-1 = {http://www.jbe-platform.com/content/books/9789027286277}}

@book{Chafe,
	Address = {Chicago},
	Author = {Chafe, Wallace},
	Publisher = {University Of Chicago Press},
	Title = {Discourse, Consciousness, and Time},
	Url = {http://www.press.uchicago.edu/ucp/books/book/chicago/D/bo3631492.html},
	Bdsk-Url-1 = {http://www.press.uchicago.edu/ucp/books/book/chicago/D/bo3631492.html}}

@article{Nikolaeva2001,
	Author = {Nikolaeva, Irina},
	Date = 2001,
	Journal = {Linguistics},
	Number = 1,
	Pages = {1--49},
	Title = {Secondary topic as a relation in information structure},
	Volume = 39,
	Year = 2001}

@book{Lambrecht1994,
	Author = {Lambrecht, Knud},
	Date = 1994,
	Isbn = {978-0-521-58704-4},
	Language = {en},
	Numpages = 412,
	Publisher = {Cambridge University Press},
	Title = {Information Structure and Sentence Form: Topic, Focus, and the Mental Representations of Discourse Referents},
	Year = 1994}

@book{Parker1969,
	Address = {The Hague; Paris},
	Author = {Parker, Gary John},
	Date = 1969,
	Language = {en},
	Numpages = 244,
	Publisher = {Mouton},
	Title = {Ayacucho Quechua grammar and dictionary},
	Year = 1969}

@incollection{Weber1986,
	Author = {Weber, David},
	Booktitle = {Evidentiality: the linguistic coding of epistemology},
	Date = 1986,
	Editor = {Chafe, Wallace and Nichols, Johanna},
	Pages = {137--55},
	Publisher = {Ablex Publishing Corporation},
	Title = {Information perspective, profile, and patterns in Quechua},
	Year = 1986}

@book{Cusihuaman1976,
	Address = {Cusco},
	Author = {Cusihuam{\'a}n, Antonio G.},
	Date = 1976,
	Edition = {2nd},
	Isbn = {9972-691-37-3},
	Language = {Spanish},
	Publisher = {CBC, Centro de Estudios Regionales Andinos Bartolom{\'e} de Las Casas},
	Title = {Gramatica quechua: Cuzco-Collao},
	Year = 1976}

@book{Spencer2012,
	Address = {Cambridge ; New York},
	Author = {Spencer, Andrew and Luis, Ana R.},
	Date = {2012-07-12},
	Day = 12,
	Isbn = 9780521682923,
	Language = {English},
	Month = 7,
	Numpages = 388,
	Publisher = {Cambridge University Press},
	Title = {Clitics: An Introduction},
	Year = 2012}

@book{Floyd1997,
	Address = {Lima},
	Author = {Floyd, Rick},
	Date = 1997,
	Publisher = {SIL International},
	Series = {Serie Linguistica Peruana},
	Title = {La estructura categorial de los evidenciales en el quechua wanka},
	Year = 1997}

@phdthesis{Faller2002,
	Author = {Faller, Martina T.},
	Date = 2002,
	Publisher = {Stanford University},
	Title = {Semantics and Pragmatics of Evidentials in Cuzco Quechua},
	Year = 2002}

@book{Adelaar1977,
	Address = {Lisse},
	Author = {Adelaar, Willem F. H.},
	Date = 1977,
	Language = {en},
	Numpages = 532,
	Publisher = {The Peter de Ridder Press},
	Title = {Tarma Quechua: grammar, texts, dictionary},
	Year = 1977}

@book{Weber1989,
	Author = {Weber, David John},
	Date = {1989-03-07},
	Day = 7,
	Isbn = {978-0-520-09732-2},
	Language = {en},
	Month = 3,
	Numpages = 520,
	Publisher = {University of California Press},
	Title = {A Grammar of Huallaga (Huanuco) Quechua},
	Year = 1989}

@misc{DanielHintz2012,
	Address = {Leiden},
	Author = {{Daniel J.} Hintz},
	Date = {2012-06-12},
	Date-Modified = {2019-10-08 17:39:40 +0200},
	Day = 12,
	Language = {English},
	Month = 6,
	Organization = {Nature of Evidentiality Conference},
	Title = {Building common ground: The evidential category of mutual knowledge},
	Year = 2012}

@article{Hintz2014,
	Author = {Hintz, Daniel J. and Hintz, Diane M.},
	Date = {2014-07},
	Doi = {10.1016/j.lingua.2014.07.014},
	Issn = {0024-3841},
	Journal = {Lingua},
	Month = 7,
	Note = {[Online; accessed 2015-05-18]},
	Title = {The evidential category of mutual knowledge in Quechua},
	Url = {http://www.sciencedirect.com/science/article/pii/S0024384114001685},
	Year = 2014,
	Bdsk-Url-1 = {http://www.sciencedirect.com/science/article/pii/S0024384114001685},
	Bdsk-Url-2 = {https://doi.org/10.1016/j.lingua.2014.07.014}}

@misc{DianneHintz2012,
	Address = {Leiden},
	Author = {Dianne Hintz},
	Date = {2012-06-12},
	Date-Modified = {2019-10-08 17:39:36 +0200},
	Day = 12,
	Language = {English},
	Month = 6,
	Organization = {Nature of Evidentiality Conference},
	Title = {The evidential system in Sihuas Quechua: personal vs. shared knowledge},
	Year = 2012}

@article{Howard2012,
	Author = {Howard, Rosaleen},
	Date = 2012,
	Doi = {10.1075/ps.3.2.06how},
	Journal = {Pragmatics and Society},
	Number = 2,
	Pages = {243--269},
	Title = {Shifting voices, shifting worlds: Evidentiality, epistemic modality and speaker perspective in Quechua oral narrative},
	Volume = 3,
	Year = 2012,
	Bdsk-Url-1 = {https://doi.org/10.1075/ps.3.2.06how}}

@article{Nuckolls1993,
	Author = {Nuckolls, Janis B.},
	Date = 1993,
	Issn = {0047-4045},
	Journal = {Language in Society},
	Note = {ArticleType: research-article / Full publication date: Jun., 1993 / Copyright {\copyright} 1993 Cambridge University Press},
	Number = 2,
	Pages = {235--55},
	Title = {The Semantics of Certainty in Quechua and Its Implications for a Cultural Epistemology},
	Volume = 22,
	Year = 1993}

@article{Nuckolls2012,
	Author = {Nuckolls, Janis},
	Date = 2012,
	Doi = {10.1075/ps.3.2.05nuc},
	Journal = {Pragmatics and Society},
	Number = 2,
	Pages = {226--242},
	Title = {From quotative other to quotative self: Evidential usage in Pastaza Quichua},
	Volume = 3,
	Year = 2012,
	Bdsk-Url-1 = {https://doi.org/10.1075/ps.3.2.05nuc}}

@inproceedings{Faller2007,
	Address = {Universidade de Sao Paulo---USP},
	Author = {Faller, Martina T.},
	Date = {2007-05-24},
	Day = 24,
	Month = 5,
	Organization = {Semantics of Under-represented Languages in the Americas (SULA) IV},
	Title = {The Cuzco Quechua Conjectural. Epistemic modal or evidential? Or both?},
	Year = 2007}

@inproceedings{Faller2006,
	Address = {University of Michigan},
	Author = {Faller, Martina T.},
	Date = 2006,
	Note = {[Online; accessed 2016-04-21]},
	Organization = {Workshop on Philosophy and Linguistics},
	Title = {Evidentiality and Epistemic Modality at the Semantics/Pragmatics Interface},
	Url = {http://web.eecs.umich.edu/{\textasciitilde}rthomaso/lpw06/fallerpaper.pdf},
	Year = 2006,
	Bdsk-Url-1 = {http://web.eecs.umich.edu/%7B%5Ctextasciitilde%7Drthomaso/lpw06/fallerpaper.pdf}}

@book{Kamio1997,
	Author = {Kamio, Akio},
	Date = {1997-01-01},
	Day = 1,
	Isbn = {90-272-5061-8},
	Language = {en},
	Month = 1,
	Numpages = 242,
	Publisher = {John Benjamins Publishing},
	Title = {Territory of Information},
	Year = 1997}

@article{Hargreaves2005,
	Author = {Hargreaves, David},
	Date = {2005-01-01},
	Day = 1,
	Issn = {1544-7502},
	Journal = {Himalayan Linguistics},
	Month = 1,
	Pages = {1--48},
	Title = {Agency and Intentional Action in Kathmandu Newar},
	Volume = 5,
	Year = 2005}

@book{Sanchez2010,
	Author = {S{\'a}nchez, Liliana},
	Date = 2010,
	Isbn = {90-272-5552-0},
	Language = {en},
	Numpages = 261,
	Publisher = {John Benjamins Publishing},
	Title = {The Morphology and Syntax of Topic and Focus: Minimalist Inquiries in the Quechua Periphery},
	Year = 2010}

@incollection{Sanchez2015,
	Address = {Leiden},
	Author = {S{\'a}nchez, Liliana},
	Booktitle = {Quechua Expressions of Stance and Deixis},
	Date = {2015-03-13},
	Day = 13,
	Editor = {Manley, Marilyn and Muntendam, Antje},
	Isbn = {978-90-04-29010-5},
	Language = {en},
	Month = 3,
	Pages = {287--322},
	Publisher = {BRILL},
	Series = {Brill's Studies in the Indigenous Languages of the Americas},
	Title = {Right Peripheral Domains, Deixis and Information Structure in Southern Quechua},
	Volume = 11,
	Year = 2015}

@article{Kiss1998,
	Author = {Kiss, K. E.},
	Date = 1998,
	Doi = {10.2307/417867},
	Issn = {0097-8507},
	Journal = {Language},
	Number = 2,
	Pages = {245--273},
	Title = {Identificational Focus versus Information Focus},
	Volume = 74,
	Year = 1998,
	Bdsk-Url-1 = {https://doi.org/10.2307/417867}}

@article{Repp2010,
	Author = {Repp, Sophie},
	Date = {2010-06},
	Doi = {10.1016/j.lingua.2009.04.006},
	Issn = {0024-3841},
	Journal = {Lingua},
	Month = 6,
	Number = 6,
	Pages = {1333--1345},
	Series = {Contrast as an information-structural notion in grammar},
	Title = {Defining `contrast' as an information-structural notion in grammar},
	Volume = 120,
	Year = 2010,
	Bdsk-Url-1 = {https://doi.org/10.1016/j.lingua.2009.04.006}}

@book{Asher1993,
	Address = {Berlin},
	Author = {Asher, Nicholas},
	Date = {1993-04-30},
	Date-Modified = {2019-07-19 15:20:03 +0200},
	Day = 30,
	Isbn = {978-0-7923-2242-9},
	Language = {en},
	Month = 4,
	Numpages = 482,
	Publisher = {Springer Science \& Business Media},
	Title = {Reference to Abstract Objects in Discourse},
	Year = 1993}

@misc{Matic2015,
	Address = {SOAS, University of London},
	Author = {Mati{\'c}, Dejan},
	Date = {2015-05-08},
	Day = 8,
	Month = 5,
	Organization = {Workshop on Information Structure in Endangered Languages},
	Title = {Discourse expectations and common ground},
	Year = 2015}

@article{Hintz2017,
	Author = {Hintz, Daniel J. and Hintz, Diane M.},
	Date = 2017,
	Doi = {10.1016/j.lingua.2014.07.014},
	Issn = {0024-3841},
	Journal = {Lingua},
	Pages = {88--109},
	Series = {Essays on evidentiality},
	Title = {The evidential category of mutual knowledge in Quechua},
	Volume = {186--187},
	Year = 2017,
	Bdsk-Url-1 = {https://doi.org/10.1016/j.lingua.2014.07.014}}

@article{Grzech2016b,
	Author = {Grzech, Karolina},
	Date = 2016,
	Date-Modified = {2019-07-12 14:00:49 +0200},
	Journal = {York Papers in Linguistics},
	Number = {Special Issue: PARLAY Proceedings},
	Pages = {73--94},
	Title = {The non-evidential meaning of the Tena Kichwa 'direct evidential'},
	Volume = 3,
	Year = 2016}

@incollection{Traugott1995,
	Author = {Traugott, Elizabeth Closs},
	Booktitle = {Subjectivity and subjectivisation},
	Date = 1995,
	Editor = {Stein, Dieter and Wright, Susan},
	Isbn = {978-0-511-55446-9},
	Pages = {31--54},
	Publisher = {Cambridge University Press},
	Title = {Subjectification in grammaticalisation},
	Year = 1995}

@incollection{Traugott2003,
	Author = {Traugott, Elizabeth Closs},
	Booktitle = {Motives for Language Change},
	Date = 2003,
	Editor = {Hickey, Raymond},
	Isbn = {978-0-511-48693-7},
	Pages = {124--139},
	Publisher = {Cambridge University Press},
	Title = {From subjectification to intersubjectification},
	Url = {http://dx.doi.org/10.1017/CBO9780511486937.009},
	Year = 2003,
	Bdsk-Url-1 = {http://dx.doi.org/10.1017/CBO9780511486937.009}}

@incollection{Traugott2010,
	Address = {Berlin, New York},
	Author = {Traugott, Elizabeth Closs},
	Booktitle = {Subjectification, Intersubjectification and Grammaticalization},
	Date = {2010-04-16},
	Day = 16,
	Editor = {Davidse, Kristin and Vandelanotte, Lieven and Cuyckens, Hubert},
	Isbn = {978-3-11-020588-6},
	Language = {en},
	Month = 4,
	Note = {[Online; accessed 2016-02-29]},
	Pages = {29--74},
	Publisher = {DE GRUYTER MOUTON},
	Title = {(Inter)subjectivity and (inter)subjectification: A reassessment},
	Url = {http://www.degruyter.com/view/books/9783110226102/9783110226102.1.29/9783110226102.1.29.xml},
	Volume = 66,
	Year = 2010,
	Bdsk-Url-1 = {http://www.degruyter.com/view/books/9783110226102/9783110226102.1.29/9783110226102.1.29.xml}}

@article{Traugott2012,
	Author = {Traugott, Elizabeth Closs},
	Date = {2012-05-04},
	Day = 4,
	Doi = {10.1075/etc.5.1.02trau},
	Issn = {1874-8767, 1874-8775},
	Journal = {English Text Construction},
	Language = {en},
	Month = 5,
	Number = 1,
	Pages = {7--28},
	Title = {Intersubjectification and clause periphery},
	Volume = 5,
	Year = 2012,
	Bdsk-Url-1 = {https://doi.org/10.1075/etc.5.1.02trau}}

@book{Traugott2002,
	Address = {Cambridge},
	Author = {Traugott, Elizabeth Closs and Dasher, Richard B.},
	Date = 2002,
	Isbn = {978-0-521-61791-8},
	Language = {eng},
	Numpages = 341,
	Publisher = {Cambridge Univ. Press},
	Series = {Cambridge studies in linguistics},
	Title = {Regularity in semantic change},
	Year = 2002}

@inproceedings{Traugott1995conference,
	Address = {Manchester},
	Author = {Traugott, Elizabeth Closs},
	Date = 1995,
	Date-Modified = {2019-07-12 13:50:56 +0200},
	Organization = {12th International Conference on Historical Linguistics},
	Title = {The role of the development of discourse markers in a theory of grammaticalization},
	Year = 1995}

@incollection{Kratochvil2011,
	Address = {Amsterdam},
	Author = {Kratochv{\'\i}l, Franti{\v s}ek},
	Booktitle = {Typological Studies in Language},
	Date = 2011,
	Editor = {Yap, Foong Ha and Grunow-H{\aa}rsta, Karen and Wrona, Janick},
	Isbn = {978-90-272-0677-0},
	Language = {en},
	Note = {[Online; accessed 2016-05-04]},
	Pages = {757--788},
	Publisher = {John Benjamins Publishing Company},
	Title = {Discourse-structuring functions of Abui demonstratives},
	Url = {https://benjamins.com/catalog/tsl.96.26kra},
	Volume = 96,
	Year = 2011,
	Bdsk-Url-1 = {https://benjamins.com/catalog/tsl.96.26kra}}

@article{Evans2005,
	Author = {Evans, Nicholas},
	Date = 2005,
	Doi = {10.3765/bls.v31i1.3429},
	Issn = {2377-1666},
	Journal = {Annual Meeting of the Berkeley Linguistics Society},
	Language = {en},
	Number = 1,
	Pages = {93--120},
	Title = {View with a view: Towards a typology of multiple perspective constructions},
	Volume = 31,
	Year = 2005,
	Bdsk-Url-1 = {https://doi.org/10.3765/bls.v31i1.3429}}

@article{Heritage2005,
	Author = {Heritage, John and Raymond, Geoffrey},
	Date = 2005,
	Issn = {0190-2725},
	Journal = {Social Psychology Quarterly},
	Number = 1,
	Pages = {15--38},
	Title = {The Terms of Agreement: Indexing Epistemic Authority and Subordination in Talk-in-Interaction},
	Volume = 68,
	Year = 2005}

@incollection{Lyons1982,
	Author = {Lyons, John},
	Booktitle = {Speech, place, and action: studies of deixis and related topics},
	Date = 1982,
	Editor = {Jarvella, R. J. and Klein, Wolfgang},
	Isbn = {978-0-471-10045-4},
	Language = {en},
	Pages = {101--24},
	Publisher = {Wiley},
	Title = {Deixis and subjectivity: Loquor ergo sum?},
	Year = 1982}

@article{Givon1981,
	Author = {Giv{\'o}n, T.},
	Date = 1981,
	Doi = {10.1075/sl.5.2.03giv},
	Issn = {0378-4177, 1569-9978},
	Journal = {Studies in Language},
	Language = {en},
	Number = 2,
	Pages = {163--193},
	Title = {Typology and Functional Domains},
	Volume = 5,
	Year = 1981,
	Bdsk-Url-1 = {https://doi.org/10.1075/sl.5.2.03giv}}
