@incollection{chapters/prefaceEd,author={Jane Meier },title={{Preface with an editor, abstract and citation footer}},booktitle={{Evidentiality, egophoricty and engagement}},editor={Henrik Bergqvist and  Seppo Kittilä},publisher={Language Science Press.},Address={Berlin},year={\protect \kern +.1667em\relax 2019},pages={vii--vii},doi={??},options={skipbib=true,skiplab=true}}
@incollection{chapters/03_rumsey,author={Alan Rumsey },title={{Add\texttt {\TU\textbackslash renewcommand\protect \TU\textbraceleft \TU\textbackslash lsCollectionPaperFooterTitle\protect \TU\textbraceright \protect \TU\textbraceleft A new theory of \TU\textbackslash noexpand\TU\textbackslash textit\protect \TU\textbraceleft This\protect \TU\textbraceright  and \TU\textbackslash noexpand\TU\textbackslash textit\protect \TU\textbraceleft that\protect \TU\textbraceright \protect \TU\textbraceright } to preamble}},booktitle={{Evidentiality, egophoricty and engagement}},editor={Henrik Bergqvist and  Seppo Kittilä},publisher={Language Science Press.},Address={Berlin},year={\protect \kern +.1667em\relax 2019},pages={1--32},doi={??},options={skipbib=true,skiplab=true}}
